"AccountNumber","AccountType","Posted Date","Amount","Description","Check Number","Category","Balance","Note",""
"0001112223","CK",8/1/2025,$3800.00,"ACH:VISTA TECH PAYROLL","","Misc. Income",$12300.00,"budgeteer:rename=Primary Paycheck",
"0001112223","CK",8/1/2025,($2189.00),"ACH:Redwood Grove RENT","","Mortgage / Rent",$10111.00,"",
"0001112223","CK",8/2/2025,($28.95),"DEBITCARD: Movies","","Entertainment",$10082.05,"Lunch w/ coworkers",
"0001112223","CK",8/2/2025,($30.36),"DEBITCARD: Pharmacy","","Health",$10051.69,"Kids school event",
"0001112223","CK",8/3/2025,($129.04),"DEBITCARD: Grocery Store","","Groceries",$9922.65,"",
"0001112223","CK",8/4/2025,($19.66),"DEBITCARD: Restaurant","","Food & Drink",$9902.99,"",
"0001112223","CK",8/4/2025,($19.42),"DEBITCARD: Restaurant","","Food & Drink",$9883.57,"Lunch w/ coworkers",
"0001112223","CK",8/5/2025,($425.00),"ACH:AUTO LOAN PAYMENT","","Auto & Transport",$9458.57,"budgeteer:goal=Auto Loan Down-payment",
"0001112223","CK",8/5/2025,($79.99),"ACH:ISP INTERNET BILL","","Internet",$9378.58,"",
"0001112223","CK",8/5/2025,($19.55),"DEBITCARD: Restaurant","","Food & Drink",$9359.03,"",
"0001112223","CK",8/6/2025,($63.14),"DEBITCARD: Gas Station","","Gas / Fuel",$9295.89,"Birthday gift",
"0001112223","CK",8/6/2025,($34.11),"DEBITCARD: Clothing Store","","Shopping",$9261.78,"Kids school event",
"0001112223","CK",8/7/2025,($39.99),"ACH:GYM MEMBERSHIP","","Health",$9221.79,"",
"0001112223","CK",8/7/2025,($66.87),"DEBITCARD: Grocery Store","","Groceries",$9154.92,"Reimbursable (submit receipt)",
"0001112223","CK",8/7/2025,($26.02),"DEBITCARD: Movies","","Entertainment",$9128.90,"Birthday gift",
"0001112223","CK",8/8/2025,($108.50),"DEBITCARD: Grocery Store","","Groceries",$9020.40,"Lunch w/ coworkers",
"0001112223","CK",8/9/2025,($68.00),"ACH:MOBILE PHONE","","Utilities",$8952.40,"",
"0001112223","CK",8/9/2025,($77.65),"DEBITCARD: Clothing Store","","Shopping",$8874.75,"",
"0001112223","CK",8/10/2025,($19.99),"ACH:STREAMING SUBSCRIPTION","","Entertainment",$8854.76,"",
"0001112223","CK",8/10/2025,($24.02),"DEBITCARD: Restaurant","","Food & Drink",$8830.74,"Birthday gift",
"0001112223","CK",8/13/2025,($66.56),"DEBITCARD: Grocery Store","","Groceries",$8764.18,"",
"0001112223","CK",8/13/2025,($63.34),"DEBITCARD: Clothing Store","","Shopping",$8700.84,"",
"0001112223","CK",8/14/2025,($146.50),"ACH:ELECTRIC BILL","","Utilities",$8554.34,"",
"0001112223","CK",8/15/2025,$3800.00,"ACH:VISTA TECH PAYROLL","","Misc. Income",$12354.34,"",
"0001112223","CK",8/15/2025,($350.00),"Web Branch:TFR TO SV 0001112223","","Transfer",$12004.34,"budgeteer:apply=savings; budgeteer:goal=Yearly Savings Goal 2026",
"0001112223","CK",8/15/2025,($40.97),"DEBITCARD: Clothing Store","","Shopping",$11963.37,"",
"0001112223","CK",8/15/2025,($29.47),"DEBITCARD: Movies","","Entertainment",$11933.90,"",
"0001112223","CK",8/16/2025,($16.43),"DEBITCARD: Restaurant","","Food & Drink",$11917.47,"",
"0001112223","CK",8/16/2025,($173.52),"DEBITCARD: Grocery Store","","Groceries",$11743.95,"Reimbursable (submit receipt)",
"0001112223","CK",8/17/2025,($165.00),"ACH:AUTO INSURANCE","","Insurance",$11578.95,"",
"0001112223","CK",8/18/2025,($90.72),"DEBITCARD: Clothing Store","","Shopping",$11488.23,"Kids school event",
"0001112223","CK",8/19/2025,($30.86),"DEBITCARD: Pharmacy","","Health",$11457.37,"",
"0001112223","CK",8/19/2025,($43.42),"DEBITCARD: Pharmacy","","Health",$11413.95,"Over-the-counter meds",
"0001112223","CK",8/20/2025,$240.00,"ACH:MOONLIGHT GIG","","Misc. Income",$11653.95,"Side work",
"0001112223","CK",8/20/2025,($84.85),"DEBITCARD: Grocery Store","","Groceries",$11569.10,"Kids school event",
"0001112223","CK",8/21/2025,($66.43),"DEBITCARD: Gas Station","","Gas / Fuel",$11502.67,"Over-the-counter meds",
"0001112223","CK",8/21/2025,($67.74),"DEBITCARD: Clothing Store","","Shopping",$11434.93,"",
"0001112223","CK",8/22/2025,($42.75),"ACH:WATER BILL","","Utilities",$11392.18,"",
"0001112223","CK",8/24/2025,($142.18),"DEBITCARD: Grocery Store","","Groceries",$11250.00,"",
"0001112223","CK",8/26/2025,($45.05),"DEBITCARD: Gas Station","","Gas / Fuel",$11204.95,"Kids school event",
"0001112223","CK",8/26/2025,($164.42),"DEBITCARD: Grocery Store","","Groceries",$11040.53,"Lunch w/ coworkers",
"0001112223","CK",8/27/2025,($125.43),"DEBITCARD: Grocery Store","","Groceries",$10915.10,"Lunch w/ coworkers",
"0001112223","CK",9/1/2025,$3800.00,"ACH:VISTA TECH PAYROLL","","Misc. Income",$14715.10,"budgeteer:rename=Primary Paycheck",
"0001112223","CK",9/2/2025,($2189.00),"ACH:Redwood Grove RENT","","Mortgage / Rent",$12526.10,"",
"0001112223","CK",9/2/2025,($13.54),"DEBITCARD: Restaurant","","Food & Drink",$12512.56,"",
"0001112223","CK",9/4/2025,($425.00),"ACH:AUTO LOAN PAYMENT","","Auto & Transport",$12087.56,"budgeteer:goal=Auto Loan Down-payment",
"0001112223","CK",9/5/2025,($79.99),"ACH:ISP INTERNET BILL","","Internet",$12007.57,"",
"0001112223","CK",9/5/2025,($22.98),"DEBITCARD: Movies","","Entertainment",$11984.59,"",
"0001112223","CK",9/7/2025,($79.13),"DEBITCARD: Clothing Store","","Shopping",$11905.46,"Lunch w/ coworkers",
"0001112223","CK",9/8/2025,($16.52),"DEBITCARD: Pharmacy","","Health",$11888.94,"Lunch w/ coworkers",
"0001112223","CK",9/8/2025,($11.92),"DEBITCARD: Pharmacy","","Health",$11877.02,"Lunch w/ coworkers",
"0001112223","CK",9/8/2025,($47.44),"DEBITCARD: Gas Station","","Gas / Fuel",$11829.58,"Reimbursable (submit receipt)",
"0001112223","CK",9/9/2025,($39.99),"ACH:GYM MEMBERSHIP","","Health",$11789.59,"",
"0001112223","CK",9/9/2025,($14.16),"DEBITCARD: Restaurant","","Food & Drink",$11775.43,"Lunch w/ coworkers",
"0001112223","CK",9/10/2025,($68.00),"ACH:MOBILE PHONE","","Utilities",$11707.43,"",
"0001112223","CK",9/10/2025,($19.99),"ACH:STREAMING SUBSCRIPTION","","Entertainment",$11687.44,"",
"0001112223","CK",9/10/2025,($148.13),"DEBITCARD: Grocery Store","","Groceries",$11539.31,"",
"0001112223","CK",9/10/2025,($38.84),"DEBITCARD: Restaurant","","Food & Drink",$11500.47,"Birthday gift",
"0001112223","CK",9/12/2025,($146.50),"ACH:ELECTRIC BILL","","Utilities",$11353.97,"",
"0001112223","CK",9/12/2025,($38.50),"DEBITCARD: Pharmacy","","Health",$11315.47,"",
"0001112223","CK",9/12/2025,($97.92),"DEBITCARD: Grocery Store","","Groceries",$11217.55,"",
"0001112223","CK",9/13/2025,($146.32),"DEBITCARD: Grocery Store","","Groceries",$11071.23,"Reimbursable (submit receipt)",
"0001112223","CK",9/13/2025,($36.24),"DEBITCARD: Gas Station","","Gas / Fuel",$11034.99,"Reimbursable (submit receipt)",
"0001112223","CK",9/15/2025,$3800.00,"ACH:VISTA TECH PAYROLL","","Misc. Income",$14834.99,"",
"0001112223","CK",9/16/2025,($350.00),"Web Branch:TFR TO SV 0001112223","","Transfer",$14484.99,"budgeteer:apply=savings; budgeteer:goal=Yearly Savings Goal 2026",
"0001112223","CK",9/16/2025,($45.77),"DEBITCARD: Restaurant","","Food & Drink",$14439.22,"Kids school event",
"0001112223","CK",9/16/2025,($9.85),"DEBITCARD: Pharmacy","","Health",$14429.37,"",
"0001112223","CK",9/17/2025,($57.13),"DEBITCARD: Gas Station","","Gas / Fuel",$14372.24,"Lunch w/ coworkers",
"0001112223","CK",9/18/2025,$240.00,"ACH:MOONLIGHT GIG","","Misc. Income",$14612.24,"Side work",
"0001112223","CK",9/19/2025,($165.00),"ACH:AUTO INSURANCE","","Insurance",$14447.24,"",
"0001112223","CK",9/19/2025,($39.06),"DEBITCARD: Restaurant","","Food & Drink",$14408.18,"Over-the-counter meds",
"0001112223","CK",9/22/2025,($42.75),"ACH:WATER BILL","","Utilities",$14365.43,"",
"0001112223","CK",9/22/2025,($55.98),"DEBITCARD: Clothing Store","","Shopping",$14309.45,"Reimbursable (submit receipt)",
"0001112223","CK",9/22/2025,($36.87),"DEBITCARD: Gas Station","","Gas / Fuel",$14272.58,"Birthday gift",
"0001112223","CK",9/22/2025,($17.67),"DEBITCARD: Movies","","Entertainment",$14254.91,"Birthday gift",
"0001112223","CK",9/23/2025,($173.83),"DEBITCARD: Grocery Store","","Groceries",$14081.08,"Reimbursable (submit receipt)",
"0001112223","CK",9/23/2025,($49.39),"DEBITCARD: Clothing Store","","Shopping",$14031.69,"Birthday gift",
"0001112223","CK",9/25/2025,($30.02),"DEBITCARD: Clothing Store","","Shopping",$14001.67,"Birthday gift",
"0001112223","CK",9/26/2025,($107.86),"DEBITCARD: Grocery Store","","Groceries",$13893.81,"Birthday gift",
"0001112223","CK",9/26/2025,($19.40),"DEBITCARD: Pharmacy","","Health",$13874.41,"Birthday gift",
"0001112223","CK",9/26/2025,($35.39),"DEBITCARD: Clothing Store","","Shopping",$13839.02,"",
"0001112223","CK",9/26/2025,($94.24),"DEBITCARD: Clothing Store","","Shopping",$13744.78,"Lunch w/ coworkers",
"0001112223","CK",9/28/2025,($15.77),"DEBITCARD: Movies","","Entertainment",$13729.01,"Over-the-counter meds",
"0001112223","CK",9/28/2025,($93.71),"DEBITCARD: Clothing Store","","Shopping",$13635.30,"Lunch w/ coworkers",
"0001112223","CK",10/1/2025,$3800.00,"ACH:VISTA TECH PAYROLL","","Misc. Income",$17435.30,"budgeteer:rename=Primary Paycheck",
"0001112223","CK",10/1/2025,($2189.00),"ACH:Redwood Grove RENT","","Mortgage / Rent",$15246.30,"",
"0001112223","CK",10/1/2025,($116.90),"DEBITCARD: Grocery Store","","Groceries",$15129.40,"Birthday gift",
"0001112223","CK",10/2/2025,($35.65),"DEBITCARD: Restaurant","","Food & Drink",$15093.75,"Reimbursable (submit receipt)",
"0001112223","CK",10/2/2025,($18.50),"DEBITCARD: Movies","","Entertainment",$15075.25,"",
"0001112223","CK",10/4/2025,($425.00),"ACH:AUTO LOAN PAYMENT","","Auto & Transport",$14650.25,"budgeteer:goal=Auto Loan Down-payment",
"0001112223","CK",10/4/2025,($30.14),"DEBITCARD: Movies","","Entertainment",$14620.11,"Lunch w/ coworkers",
"0001112223","CK",10/4/2025,($23.08),"DEBITCARD: Movies","","Entertainment",$14597.03,"Birthday gift",
"0001112223","CK",10/5/2025,($79.99),"ACH:ISP INTERNET BILL","","Internet",$14517.04,"",
"0001112223","CK",10/8/2025,($19.99),"ACH:STREAMING SUBSCRIPTION","","Entertainment",$14497.05,"",
"0001112223","CK",10/8/2025,($40.93),"DEBITCARD: Restaurant","","Food & Drink",$14456.12,"Lunch w/ coworkers",
"0001112223","CK",10/9/2025,($39.99),"ACH:GYM MEMBERSHIP","","Health",$14416.13,"",
"0001112223","CK",10/9/2025,($26.95),"DEBITCARD: Movies","","Entertainment",$14389.18,"Lunch w/ coworkers",
"0001112223","CK",10/10/2025,($41.04),"DEBITCARD: Restaurant","","Food & Drink",$14348.14,"Kids school event",
"0001112223","CK",10/11/2025,($68.00),"ACH:MOBILE PHONE","","Utilities",$14280.14,"",
"0001112223","CK",10/11/2025,($146.50),"ACH:ELECTRIC BILL","","Utilities",$14133.64,"",
"0001112223","CK",10/11/2025,($41.61),"DEBITCARD: Restaurant","","Food & Drink",$14092.03,"",
"0001112223","CK",10/11/2025,($39.53),"DEBITCARD: Restaurant","","Food & Drink",$14052.50,"Lunch w/ coworkers",
"0001112223","CK",10/11/2025,($41.08),"DEBITCARD: Clothing Store","","Shopping",$14011.42,"",
"0001112223","CK",10/13/2025,($26.35),"DEBITCARD: Restaurant","","Food & Drink",$13985.07,"Over-the-counter meds",
"0001112223","CK",10/13/2025,($6.16),"DEBITCARD: Coffee Shop","","Food & Drink",$13978.91,"Reimbursable (submit receipt)",
"0001112223","CK",10/13/2025,($28.25),"DEBITCARD: Pharmacy","","Health",$13950.66,"",
"0001112223","CK",10/15/2025,$3800.00,"ACH:VISTA TECH PAYROLL","","Misc. Income",$17750.66,"",
"0001112223","CK",10/15/2025,($350.00),"Web Branch:TFR TO SV 0001112223","","Transfer",$17400.66,"budgeteer:apply=savings; budgeteer:goal=Yearly Savings Goal 2026",
"0001112223","CK",10/15/2025,($100.81),"DEBITCARD: Grocery Store","","Groceries",$17299.85,"",
"0001112223","CK",10/15/2025,($21.44),"DEBITCARD: Restaurant","","Food & Drink",$17278.41,"Birthday gift",
"0001112223","CK",10/15/2025,($5.19),"DEBITCARD: Coffee Shop","","Food & Drink",$17273.22,"Lunch w/ coworkers",
"0001112223","CK",10/18/2025,($165.00),"ACH:AUTO INSURANCE","","Insurance",$17108.22,"",
"0001112223","CK",10/18/2025,($36.04),"DEBITCARD: Gas Station","","Gas / Fuel",$17072.18,"Over-the-counter meds",
"0001112223","CK",10/19/2025,($122.76),"DEBITCARD: Grocery Store","","Groceries",$16949.42,"",
"0001112223","CK",10/20/2025,($15.86),"DEBITCARD: Pharmacy","","Health",$16933.56,"",
"0001112223","CK",10/21/2025,($182.42),"DEBITCARD: Grocery Store","","Groceries",$16751.14,"Reimbursable (submit receipt)",
"0001112223","CK",10/22/2025,($42.75),"ACH:WATER BILL","","Utilities",$16708.39,"",
"0001112223","CK",10/22/2025,$240.00,"ACH:MOONLIGHT GIG","","Misc. Income",$16948.39,"Side work",
"0001112223","CK",10/22/2025,($7.18),"DEBITCARD: Coffee Shop","","Food & Drink",$16941.21,"Birthday gift",
"0001112223","CK",10/23/2025,($4.02),"DEBITCARD: Coffee Shop","","Food & Drink",$16937.19,"Lunch w/ coworkers",
"0001112223","CK",10/24/2025,($28.82),"DEBITCARD: Clothing Store","","Shopping",$16908.37,"",
"0001112223","CK",10/25/2025,($4.44),"DEBITCARD: Coffee Shop","","Food & Drink",$16903.93,"Birthday gift",
"0001112223","CK",10/25/2025,($28.25),"DEBITCARD: Movies","","Entertainment",$16875.68,"Lunch w/ coworkers",
"0001112223","CK",10/27/2025,($36.95),"DEBITCARD: Clothing Store","","Shopping",$16838.73,"Reimbursable (submit receipt)",
"0001112223","CK",10/27/2025,($55.52),"DEBITCARD: Clothing Store","","Shopping",$16783.21,"",
"0001112223","CK",10/27/2025,($33.98),"DEBITCARD: Restaurant","","Food & Drink",$16749.23,"Kids school event",
"0001112223","CK",11/1/2025,$3800.00,"ACH:VISTA TECH PAYROLL","","Misc. Income",$20549.23,"budgeteer:rename=Primary Paycheck",
"0001112223","CK",11/1/2025,($2189.00),"ACH:Redwood Grove RENT","","Mortgage / Rent",$18360.23,"",
"0001112223","CK",11/2/2025,($43.41),"DEBITCARD: Restaurant","","Food & Drink",$18316.82,"Birthday gift",
"0001112223","CK",11/4/2025,($22.99),"DEBITCARD: Movies","","Entertainment",$18293.83,"Kids school event",
"0001112223","CK",11/4/2025,($38.68),"DEBITCARD: Restaurant","","Food & Drink",$18255.15,"",
"0001112223","CK",11/5/2025,($79.99),"ACH:ISP INTERNET BILL","","Internet",$18175.16,"",
"0001112223","CK",11/6/2025,($425.00),"ACH:AUTO LOAN PAYMENT","","Auto & Transport",$17750.16,"budgeteer:goal=Auto Loan Down-payment",
"0001112223","CK",11/7/2025,($47.21),"DEBITCARD: Clothing Store","","Shopping",$17702.95,"",
"0001112223","CK",11/8/2025,($19.99),"ACH:STREAMING SUBSCRIPTION","","Entertainment",$17682.96,"",
"0001112223","CK",11/8/2025,($39.99),"ACH:GYM MEMBERSHIP","","Health",$17642.97,"",
"0001112223","CK",11/8/2025,($7.79),"DEBITCARD: Coffee Shop","","Food & Drink",$17635.18,"",
"0001112223","CK",11/9/2025,($42.74),"DEBITCARD: Restaurant","","Food & Drink",$17592.44,"Kids school event",
"0001112223","CK",11/9/2025,($25.55),"DEBITCARD: Movies","","Entertainment",$17566.89,"Birthday gift",
"0001112223","CK",11/10/2025,($68.00),"ACH:MOBILE PHONE","","Utilities",$17498.89,"",
"0001112223","CK",11/10/2025,($119.28),"DEBITCARD: Grocery Store","","Groceries",$17379.61,"Reimbursable (submit receipt)",
"0001112223","CK",11/11/2025,($62.48),"DEBITCARD: Clothing Store","","Shopping",$17317.13,"",
"0001112223","CK",11/11/2025,($33.06),"DEBITCARD: Restaurant","","Food & Drink",$17284.07,"",
"0001112223","CK",11/13/2025,($35.65),"DEBITCARD: Restaurant","","Food & Drink",$17248.42,"Kids school event",
"0001112223","CK",11/14/2025,($146.50),"ACH:ELECTRIC BILL","","Utilities",$17101.92,"",
"0001112223","CK",11/14/2025,($35.93),"DEBITCARD: Restaurant","","Food & Drink",$17065.99,"Birthday gift",
"0001112223","CK",11/15/2025,$3800.00,"ACH:VISTA TECH PAYROLL","","Misc. Income",$20865.99,"",
"0001112223","CK",11/15/2025,($48.03),"DEBITCARD: Gas Station","","Gas / Fuel",$20817.96,"Kids school event",
"0001112223","CK",11/16/2025,($350.00),"Web Branch:TFR TO SV 0001112223","","Transfer",$20467.96,"budgeteer:apply=savings; budgeteer:goal=Yearly Savings Goal 2026",
"0001112223","CK",11/17/2025,($165.00),"ACH:AUTO INSURANCE","","Insurance",$20302.96,"",
"0001112223","CK",11/17/2025,($38.03),"DEBITCARD: Clothing Store","","Shopping",$20264.93,"",
"0001112223","CK",11/18/2025,($13.61),"DEBITCARD: Restaurant","","Food & Drink",$20251.32,"",
"0001112223","CK",11/19/2025,($3.98),"DEBITCARD: Coffee Shop","","Food & Drink",$20247.34,"",
"0001112223","CK",11/19/2025,($5.87),"DEBITCARD: Coffee Shop","","Food & Drink",$20241.47,"",
"0001112223","CK",11/19/2025,($7.70),"DEBITCARD: Coffee Shop","","Food & Drink",$20233.77,"Kids school event",
"0001112223","CK",11/19/2025,($26.87),"DEBITCARD: Pharmacy","","Health",$20206.90,"Kids school event",
"0001112223","CK",11/20/2025,($47.17),"DEBITCARD: Gas Station","","Gas / Fuel",$20159.73,"",
"0001112223","CK",11/21/2025,$240.00,"ACH:MOONLIGHT GIG","","Misc. Income",$20399.73,"Side work",
"0001112223","CK",11/22/2025,($42.75),"ACH:WATER BILL","","Utilities",$20356.98,"",
"0001112223","CK",11/22/2025,($54.09),"DEBITCARD: Gas Station","","Gas / Fuel",$20302.89,"Reimbursable (submit receipt)",
"0001112223","CK",11/23/2025,($37.50),"DEBITCARD: Clothing Store","","Shopping",$20265.39,"",
"0001112223","CK",11/24/2025,($15.93),"DEBITCARD: Movies","","Entertainment",$20249.46,"Lunch w/ coworkers",
"0001112223","CK",11/26/2025,($31.43),"DEBITCARD: Movies","","Entertainment",$20218.03,"",
"0001112223","CK",11/26/2025,($139.08),"DEBITCARD: Grocery Store","","Groceries",$20078.95,"Reimbursable (submit receipt)",
"0001112223","CK",11/27/2025,($33.11),"DEBITCARD: Clothing Store","","Shopping",$20045.84,"Over-the-counter meds",
"0001112223","CK",11/27/2025,($152.40),"DEBITCARD: Grocery Store","","Groceries",$19893.44,"Over-the-counter meds",
"0001112223","CK",11/27/2025,($27.07),"DEBITCARD: Movies","","Entertainment",$19866.37,"Reimbursable (submit receipt)",
"0001112223","CK",11/28/2025,($44.64),"DEBITCARD: Restaurant","","Food & Drink",$19821.73,"",
"0001112223","CK",12/1/2025,$3800.00,"ACH:VISTA TECH PAYROLL","","Misc. Income",$23621.73,"budgeteer:rename=Primary Paycheck",
"0001112223","CK",12/2/2025,($2189.00),"ACH:Redwood Grove RENT","","Mortgage / Rent",$21432.73,"",
"0001112223","CK",12/2/2025,($41.40),"DEBITCARD: Restaurant","","Food & Drink",$21391.33,"Kids school event",
"0001112223","CK",12/3/2025,($32.30),"DEBITCARD: Restaurant","","Food & Drink",$21359.03,"Kids school event",
"0001112223","CK",12/3/2025,($38.15),"DEBITCARD: Gas Station","","Gas / Fuel",$21320.88,"Reimbursable (submit receipt)",
"0001112223","CK",12/5/2025,($425.00),"ACH:AUTO LOAN PAYMENT","","Auto & Transport",$20895.88,"budgeteer:goal=Auto Loan Down-payment",
"0001112223","CK",12/5/2025,($79.99),"ACH:ISP INTERNET BILL","","Internet",$20815.89,"",
"0001112223","CK",12/7/2025,($39.99),"ACH:GYM MEMBERSHIP","","Health",$20775.90,"",
"0001112223","CK",12/7/2025,($39.70),"DEBITCARD: Restaurant","","Food & Drink",$20736.20,"Lunch w/ coworkers",
"0001112223","CK",12/8/2025,($19.99),"ACH:STREAMING SUBSCRIPTION","","Entertainment",$20716.21,"",
"0001112223","CK",12/8/2025,($7.50),"DEBITCARD: Coffee Shop","","Food & Drink",$20708.71,"",
"0001112223","CK",12/9/2025,($6.35),"DEBITCARD: Coffee Shop","","Food & Drink",$20702.36,"Birthday gift",
"0001112223","CK",12/9/2025,($71.18),"DEBITCARD: Clothing Store","","Shopping",$20631.18,"",
"0001112223","CK",12/9/2025,($21.65),"DEBITCARD: Movies","","Entertainment",$20609.53,"",
"0001112223","CK",12/9/2025,($31.85),"DEBITCARD: Restaurant","","Food & Drink",$20577.68,"Lunch w/ coworkers",
"0001112223","CK",12/9/2025,($54.32),"DEBITCARD: Clothing Store","","Shopping",$20523.36,"",
"0001112223","CK",12/10/2025,($119.27),"DEBITCARD: Grocery Store","","Groceries",$20404.09,"Birthday gift",
"0001112223","CK",12/11/2025,($68.00),"ACH:MOBILE PHONE","","Utilities",$20336.09,"",
"0001112223","CK",12/11/2025,($42.65),"DEBITCARD: Restaurant","","Food & Drink",$20293.44,"",
"0001112223","CK",12/12/2025,($44.65),"DEBITCARD: Restaurant","","Food & Drink",$20248.79,"",
"0001112223","CK",12/12/2025,($105.57),"DEBITCARD: Grocery Store","","Groceries",$20143.22,"Birthday gift",
"0001112223","CK",12/12/2025,($30.58),"DEBITCARD: Pharmacy","","Health",$20112.64,"",
"0001112223","CK",12/13/2025,($146.50),"ACH:ELECTRIC BILL","","Utilities",$19966.14,"",
"0001112223","CK",12/13/2025,($130.51),"DEBITCARD: Grocery Store","","Groceries",$19835.63,"",
"0001112223","CK",12/13/2025,($93.87),"DEBITCARD: Clothing Store","","Shopping",$19741.76,"",
"0001112223","CK",12/14/2025,($16.08),"DEBITCARD: Pharmacy","","Health",$19725.68,"Birthday gift",
"0001112223","CK",12/15/2025,$3800.00,"ACH:VISTA TECH PAYROLL","","Misc. Income",$23525.68,"",
"0001112223","CK",12/16/2025,($11.43),"DEBITCARD: Pharmacy","","Health",$23514.25,"",
"0001112223","CK",12/17/2025,($350.00),"Web Branch:TFR TO SV 0001112223","","Transfer",$23164.25,"budgeteer:apply=savings; budgeteer:goal=Yearly Savings Goal 2026",
"0001112223","CK",12/18/2025,($22.27),"DEBITCARD: Restaurant","","Food & Drink",$23141.98,"Kids school event",
"0001112223","CK",12/19/2025,($165.00),"ACH:AUTO INSURANCE","","Insurance",$22976.98,"",
"0001112223","CK",12/19/2025,$240.00,"ACH:MOONLIGHT GIG","","Misc. Income",$23216.98,"Side work",
"0001112223","CK",12/20/2025,($9.21),"DEBITCARD: Pharmacy","","Health",$23207.77,"Kids school event",
"0001112223","CK",12/22/2025,($42.75),"ACH:WATER BILL","","Utilities",$23165.02,"",
"0001112223","CK",12/22/2025,($4.37),"DEBITCARD: Coffee Shop","","Food & Drink",$23160.65,"Birthday gift",
"0001112223","CK",12/22/2025,($38.86),"DEBITCARD: Gas Station","","Gas / Fuel",$23121.79,"budgeteer:category=Transportation",
"0001112223","CK",12/22/2025,($82.53),"DEBITCARD: Grocery Store","","Groceries",$23039.26,"Reimbursable (submit receipt)",
"0001112223","CK",12/25/2025,($155.22),"DEBITCARD: Grocery Store","","Groceries",$22884.04,"Kids school event",
"0001112223","CK",12/25/2025,($6.57),"DEBITCARD: Coffee Shop","","Food & Drink",$22877.47,"",
"0001112223","CK",12/26/2025,($49.90),"DEBITCARD: Gas Station","","Gas / Fuel",$22827.57,"",
"0001112223","CK",12/26/2025,($18.33),"DEBITCARD: Restaurant","","Food & Drink",$22809.24,"",
"0001112223","CK",12/26/2025,($20.51),"DEBITCARD: Movies","","Entertainment",$22788.73,"Lunch w/ coworkers",
"0001112223","CK",1/1/2026,$3800.00,"ACH:VISTA TECH PAYROLL","","Misc. Income",$26588.73,"budgeteer:rename=Primary Paycheck",
"0001112223","CK",1/1/2026,($2189.00),"ACH:Redwood Grove RENT","","Mortgage / Rent",$24399.73,"",
"0001112223","CK",1/1/2026,($46.26),"DEBITCARD: Gas Station","","Gas / Fuel",$24353.47,"Birthday gift",
"0001112223","CK",1/2/2026,($62.84),"DEBITCARD: Clothing Store","","Shopping",$24290.63,"Over-the-counter meds",
"0001112223","CK",1/4/2026,($425.00),"ACH:AUTO LOAN PAYMENT","","Auto & Transport",$23865.63,"budgeteer:goal=Auto Loan Down-payment",
"0001112223","CK",1/4/2026,($39.35),"DEBITCARD: Restaurant","","Food & Drink",$23826.28,"",
"0001112223","CK",1/4/2026,($6.52),"DEBITCARD: Coffee Shop","","Food & Drink",$23819.76,"Over-the-counter meds",
"0001112223","CK",1/4/2026,($61.00),"DEBITCARD: Clothing Store","","Shopping",$23758.76,"Lunch w/ coworkers",
"0001112223","CK",1/4/2026,($5.52),"DEBITCARD: Coffee Shop","","Food & Drink",$23753.24,"Reimbursable (submit receipt)",
"0001112223","CK",1/5/2026,($79.99),"ACH:ISP INTERNET BILL","","Internet",$23673.25,"",
"0001112223","CK",1/5/2026,($155.20),"DEBITCARD: Grocery Store","","Groceries",$23518.05,"Birthday gift",
"0001112223","CK",1/5/2026,($171.03),"DEBITCARD: Grocery Store","","Groceries",$23347.02,"",
"0001112223","CK",1/6/2026,($37.21),"DEBITCARD: Clothing Store","","Shopping",$23309.81,"Kids school event",
"0001112223","CK",1/6/2026,($24.62),"DEBITCARD: Movies","","Entertainment",$23285.19,"Kids school event",
"0001112223","CK",1/6/2026,($64.47),"DEBITCARD: Clothing Store","","Shopping",$23220.72,"",
"0001112223","CK",1/7/2026,($29.48),"DEBITCARD: Movies","","Entertainment",$23191.24,"",
"0001112223","CK",1/8/2026,($40.87),"DEBITCARD: Gas Station","","Gas / Fuel",$23150.37,"Lunch w/ coworkers",
"0001112223","CK",1/8/2026,($12.41),"DEBITCARD: Restaurant","","Food & Drink",$23137.96,"Reimbursable (submit receipt)",
"0001112223","CK",1/9/2026,($19.99),"ACH:STREAMING SUBSCRIPTION","","Entertainment",$23117.97,"",
"0001112223","CK",1/9/2026,($39.99),"ACH:GYM MEMBERSHIP","","Health",$23077.98,"",
"0001112223","CK",1/9/2026,($19.14),"DEBITCARD: Pharmacy","","Health",$23058.84,"Lunch w/ coworkers",
"0001112223","CK",1/10/2026,($68.00),"ACH:MOBILE PHONE","","Utilities",$22990.84,"",
"0001112223","CK",1/11/2026,($68.79),"DEBITCARD: Grocery Store","","Groceries",$22922.05,"Over-the-counter meds",
"0001112223","CK",1/11/2026,($46.04),"DEBITCARD: Gas Station","","Gas / Fuel",$22876.01,"",
"0001112223","CK",1/12/2026,($146.50),"ACH:ELECTRIC BILL","","Utilities",$22729.51,"",
"0001112223","CK",1/12/2026,($40.96),"DEBITCARD: Restaurant","","Food & Drink",$22688.55,"Reimbursable (submit receipt)",
"0001112223","CK",1/12/2026,($138.47),"DEBITCARD: Grocery Store","","Groceries",$22550.08,"",
"0001112223","CK",1/12/2026,($42.76),"DEBITCARD: Restaurant","","Food & Drink",$22507.32,"Kids school event",
"0001112223","CK",1/13/2026,($65.83),"DEBITCARD: Clothing Store","","Shopping",$22441.49,"Over-the-counter meds",
"0001112223","CK",1/14/2026,($6.99),"DEBITCARD: Coffee Shop","","Food & Drink",$22434.50,"",
"0001112223","CK",1/15/2026,$3800.00,"ACH:VISTA TECH PAYROLL","","Misc. Income",$26234.50,"",
"0001112223","CK",1/16/2026,($350.00),"Web Branch:TFR TO SV 0001112223","","Transfer",$25884.50,"budgeteer:apply=savings; budgeteer:goal=Yearly Savings Goal 2026",
"0001112223","CK",1/16/2026,($96.59),"DEBITCARD: Grocery Store","","Groceries",$25787.91,"Over-the-counter meds",
"0001112223","CK",1/16/2026,($28.50),"DEBITCARD: Movies","","Entertainment",$25759.41,"",
"0001112223","CK",1/16/2026,($127.08),"DEBITCARD: Grocery Store","","Groceries",$25632.33,"Over-the-counter meds",
"0001112223","CK",1/16/2026,($16.83),"DEBITCARD: Pharmacy","","Health",$25615.50,"Over-the-counter meds",
"0001112223","CK",1/17/2026,($25.72),"DEBITCARD: Movies","","Entertainment",$25589.78,"Birthday gift",
"0001112223","CK",1/18/2026,$240.00,"ACH:MOONLIGHT GIG","","Misc. Income",$25829.78,"Side work",
"0001112223","CK",1/19/2026,($165.00),"ACH:AUTO INSURANCE","","Insurance",$25664.78,"",
"0001112223","CK",1/19/2026,($55.55),"DEBITCARD: Gas Station","","Gas / Fuel",$25609.23,"",
"0001112223","CK",1/19/2026,($33.92),"DEBITCARD: Pharmacy","","Health",$25575.31,"",
"0001112223","CK",1/20/2026,($48.27),"DEBITCARD: Clothing Store","","Shopping",$25527.04,"",
"0001112223","CK",1/21/2026,($45.47),"DEBITCARD: Gas Station","","Gas / Fuel",$25481.57,"",
"0001112223","CK",1/21/2026,($36.26),"DEBITCARD: Pharmacy","","Health",$25445.31,"",
"0001112223","CK",1/22/2026,($42.75),"ACH:WATER BILL","","Utilities",$25402.56,"",
"0001112223","CK",1/22/2026,($9.69),"DEBITCARD: Pharmacy","","Health",$25392.87,"Over-the-counter meds",
"0001112223","CK",1/23/2026,($108.20),"DEBITCARD: Grocery Store","","Groceries",$25284.67,"",
"0001112223","CK",1/24/2026,($21.31),"DEBITCARD: Pharmacy","","Health",$25263.36,"Reimbursable (submit receipt)",
"0001112223","CK",1/25/2026,($65.42),"DEBITCARD: Clothing Store","","Shopping",$25197.94,"Over-the-counter meds",
"0001112223","CK",1/28/2026,($5.88),"DEBITCARD: Coffee Shop","","Food & Drink",$25192.06,"",
