"AccountNumber","AccountType","Posted Date","Amount","Description","Check Number","Category","Balance","Note",""
"0001112223","CK",1/1/2022,$3950.00,"ACH:VISTA TECH PAYROLL","","Misc. Income",$12450.00,"budgeteer:rename=Primary Paycheck",
"0001112223","CK",1/1/2022,($2189.00),"ACH:Redwood Grove RENT","","Mortgage / Rent",$10261.00,"",
"0001112223","CK",1/1/2022,($245.00),"ACH:HEALTH INSURANCE","","Insurance",$10016.00,"",
"0001112223","CK",1/1/2022,($46.22),"DEBITCARD: Pet Supplies","","Pets",$9969.78,"",
"0001112223","CK",1/2/2022,($9.47),"DEBITCARD: Pharmacy","","Health",$9960.31,"",
"0001112223","CK",1/2/2022,($10.85),"DEBITCARD: Streaming Add-on","","Entertainment",$9949.46,"",
"0001112223","CK",1/3/2022,($118.49),"DEBITCARD: Grocery Store","","Groceries",$9830.97,"",
"0001112223","CK",1/3/2022,($9.03),"DEBITCARD: Pharmacy","","Health",$9821.94,"",
"0001112223","CK",1/4/2022,($425.00),"ACH:AUTO LOAN PAYMENT","","Auto & Transport",$9396.94,"budgeteer:goal=Auto Loan Down-payment",
"0001112223","CK",1/5/2022,($79.99),"ACH:ISP INTERNET BILL","","Internet",$9316.95,"",
"0001112223","CK",1/7/2022,($44.02),"DEBITCARD: Pet Supplies","","Pets",$9272.93,"",
"0001112223","CK",1/8/2022,($39.99),"ACH:GYM MEMBERSHIP","","Health",$9232.94,"",
"0001112223","CK",1/8/2022,($53.75),"DEBITCARD: Pet Supplies","","Pets",$9179.19,"",
"0001112223","CK",1/8/2022,($7.28),"DEBITCARD: Ride Share","","Auto & Transport",$9171.91,"",
"0001112223","CK",1/9/2022,($136.66),"DEBITCARD: Clothing Store","","Shopping",$9035.25,"",
"0001112223","CK",1/9/2022,($12.26),"DEBITCARD: Ride Share","","Auto & Transport",$9022.99,"",
"0001112223","CK",1/10/2022,($19.99),"ACH:STREAMING SUBSCRIPTION","","Entertainment",$9003.00,"",
"0001112223","CK",1/11/2022,($68.00),"ACH:MOBILE PHONE","","Utilities",$8935.00,"",
"0001112223","CK",1/11/2022,($210.00),"ACH:STUDENT LOAN SERVICER","","Loans",$8725.00,"",
"0001112223","CK",1/11/2022,($60.58),"DEBITCARD: Event Tickets","","Entertainment",$8664.42,"",
"0001112223","CK",1/11/2022,($6.98),"DEBITCARD: Coffee Shop","","Food & Drink",$8657.44,"",
"0001112223","CK",1/11/2022,($38.16),"DEBITCARD: Gas Station","","Gas / Fuel",$8619.28,"",
"0001112223","CK",1/11/2022,($23.43),"DEBITCARD: Books","","Shopping",$8595.85,"",
"0001112223","CK",1/12/2022,($175.53),"ACH:ELECTRIC BILL","","Utilities",$8420.32,"",
"0001112223","CK",1/12/2022,$265.58,"ACH:MOONLIGHT GIG","","Misc. Income",$8685.90,"Side work",
"0001112223","CK",1/13/2022,($7.65),"DEBITCARD: Coffee Shop","","Food & Drink",$8678.25,"",
"0001112223","CK",1/13/2022,($35.30),"DEBITCARD: Pharmacy","","Health",$8642.95,"",
"0001112223","CK",1/14/2022,($9.69),"DEBITCARD: Ride Share","","Auto & Transport",$8633.26,"",
"0001112223","CK",1/15/2022,$3800.00,"ACH:VISTA TECH PAYROLL","","Misc. Income",$12433.26,"",
"0001112223","CK",1/15/2022,($750.00),"Web Branch:TFR TO SV 0001112223","","Transfer",$11683.26,"budgeteer:apply=savings",
"0001112223","CK",1/15/2022,($38.81),"DEBITCARD: Clothing Store","","Shopping",$11644.45,"",
"0001112223","CK",1/19/2022,($40.86),"DEBITCARD: Gas Station","","Gas / Fuel",$11603.59,"",
"0001112223","CK",1/19/2022,($22.36),"DEBITCARD: Books","","Shopping",$11581.23,"",
"0001112223","CK",1/20/2022,($20.96),"DEBITCARD: Pharmacy","","Health",$11560.27,"",
"0001112223","CK",1/20/2022,($8.51),"DEBITCARD: Ride Share","","Auto & Transport",$11551.76,"",
"0001112223","CK",1/21/2022,($26.55),"DEBITCARD: Ride Share","","Auto & Transport",$11525.21,"",
"0001112223","CK",1/21/2022,($43.27),"DEBITCARD: Hardware Store","","Home",$11481.94,"",
"0001112223","CK",1/22/2022,($47.47),"ACH:WATER BILL","","Utilities",$11434.47,"",
"0001112223","CK",1/22/2022,($35.10),"DEBITCARD: Restaurant","","Food & Drink",$11399.37,"",
"0001112223","CK",1/22/2022,($66.19),"DEBITCARD: Event Tickets","","Entertainment",$11333.18,"",
"0001112223","CK",1/22/2022,($37.61),"DEBITCARD: Pet Supplies","","Pets",$11295.57,"",
"0001112223","CK",1/23/2022,($5.29),"DEBITCARD: Streaming Add-on","","Entertainment",$11290.28,"",
"0001112223","CK",1/24/2022,($18.15),"DEBITCARD: Books","","Shopping",$11272.13,"",
"0001112223","CK",1/24/2022,($42.64),"DEBITCARD: Gas Station","","Gas / Fuel",$11229.49,"",
"0001112223","CK",1/25/2022,($913.22),"ACH:CREDIT CARD PAYMENT","","Credit Card",$10316.27,"",
"0001112223","CK",1/26/2022,($72.96),"DEBITCARD: Gas Station","","Gas / Fuel",$10243.31,"",
"0001112223","CK",1/27/2022,($62.90),"DEBITCARD: Gas Station","","Gas / Fuel",$10180.41,"",
"0001112223","CK",1/27/2022,($9.29),"DEBITCARD: Books","","Shopping",$10171.12,"",
"0001112223","CK",1/29/2022,($29.34),"DEBITCARD: Restaurant","","Food & Drink",$10141.78,"",
"0001112223","CK",1/30/2022,($20.55),"DEBITCARD: Pharmacy","","Health",$10121.23,"",
"0001112223","CK",2/1/2022,$3800.00,"ACH:VISTA TECH PAYROLL","","Misc. Income",$13921.23,"",
"0001112223","CK",2/1/2022,($2189.00),"ACH:Redwood Grove RENT","","Mortgage / Rent",$11732.23,"",
"0001112223","CK",2/1/2022,($18.70),"DEBITCARD: Restaurant","","Food & Drink",$11713.53,"",
"0001112223","CK",2/1/2022,($143.73),"DEBITCARD: Grocery Store","","Groceries",$11569.80,"",
"0001112223","CK",2/2/2022,($38.28),"DEBITCARD: Hardware Store","","Home",$11531.52,"",
"0001112223","CK",2/2/2022,($126.46),"DEBITCARD: Event Tickets","","Entertainment",$11405.06,"",
"0001112223","CK",2/2/2022,($65.33),"DEBITCARD: Event Tickets","","Entertainment",$11339.73,"",
"0001112223","CK",2/3/2022,($245.00),"ACH:HEALTH INSURANCE","","Insurance",$11094.73,"",
"0001112223","CK",2/3/2022,($134.43),"DEBITCARD: Event Tickets","","Entertainment",$10960.30,"",
"0001112223","CK",2/3/2022,($59.00),"DEBITCARD: Gas Station","","Gas / Fuel",$10901.30,"",
"0001112223","CK",2/3/2022,($9.70),"DEBITCARD: Pharmacy","","Health",$10891.60,"",
"0001112223","CK",2/4/2022,($425.00),"ACH:AUTO LOAN PAYMENT","","Auto & Transport",$10466.60,"budgeteer:goal=Auto Loan Down-payment",
"0001112223","CK",2/4/2022,($28.49),"DEBITCARD: Restaurant","","Food & Drink",$10438.11,"",
"0001112223","CK",2/5/2022,($79.99),"ACH:ISP INTERNET BILL","","Internet",$10358.12,"",
"0001112223","CK",2/5/2022,($11.59),"DEBITCARD: Books","","Shopping",$10346.53,"",
"0001112223","CK",2/5/2022,($12.88),"DEBITCARD: Pet Supplies","","Pets",$10333.65,"",
"0001112223","CK",2/6/2022,$429.84,"ACH:MOONLIGHT GIG","","Misc. Income",$10763.49,"Side work",
"0001112223","CK",2/6/2022,($29.88),"DEBITCARD: Restaurant","","Food & Drink",$10733.61,"",
"0001112223","CK",2/7/2022,($42.69),"DEBITCARD: Event Tickets","","Entertainment",$10690.92,"",
"0001112223","CK",2/8/2022,($39.99),"ACH:GYM MEMBERSHIP","","Health",$10650.93,"",
"0001112223","CK",2/8/2022,($59.15),"DEBITCARD: Hardware Store","","Home",$10591.78,"",
"0001112223","CK",2/9/2022,($19.99),"ACH:STREAMING SUBSCRIPTION","","Entertainment",$10571.79,"",
"0001112223","CK",2/9/2022,($68.00),"ACH:MOBILE PHONE","","Utilities",$10503.79,"",
"0001112223","CK",2/9/2022,($78.17),"DEBITCARD: Hardware Store","","Home",$10425.62,"",
"0001112223","CK",2/11/2022,($191.04),"ACH:ELECTRIC BILL","","Utilities",$10234.58,"",
"0001112223","CK",2/12/2022,($7.82),"DEBITCARD: Streaming Add-on","","Entertainment",$10226.76,"",
"0001112223","CK",2/13/2022,($210.00),"ACH:STUDENT LOAN SERVICER","","Loans",$10016.76,"",
"0001112223","CK",2/13/2022,($4.18),"DEBITCARD: Coffee Shop","","Food & Drink",$10012.58,"",
"0001112223","CK",2/14/2022,($50.76),"DEBITCARD: Gas Station","","Gas / Fuel",$9961.82,"",
"0001112223","CK",2/14/2022,($9.39),"DEBITCARD: Coffee Shop","","Food & Drink",$9952.43,"",
"0001112223","CK",2/15/2022,$3800.00,"ACH:VISTA TECH PAYROLL","","Misc. Income",$13752.43,"",
"0001112223","CK",2/16/2022,($31.97),"DEBITCARD: Hardware Store","","Home",$13720.46,"",
"0001112223","CK",2/17/2022,($750.00),"Web Branch:TFR TO SV 0001112223","","Transfer",$12970.46,"budgeteer:apply=savings",
"0001112223","CK",2/17/2022,($186.65),"DEBITCARD: Grocery Store","","Groceries",$12783.81,"",
"0001112223","CK",2/17/2022,($36.49),"DEBITCARD: Pharmacy","","Health",$12747.32,"",
"0001112223","CK",2/17/2022,($17.80),"DEBITCARD: Restaurant","","Food & Drink",$12729.52,"",
"0001112223","CK",2/18/2022,($9.64),"DEBITCARD: Streaming Add-on","","Entertainment",$12719.88,"",
"0001112223","CK",2/19/2022,($41.07),"DEBITCARD: Pharmacy","","Health",$12678.81,"",
"0001112223","CK",2/20/2022,($10.99),"DEBITCARD: Streaming Add-on","","Entertainment",$12667.82,"",
"0001112223","CK",2/20/2022,($115.74),"DEBITCARD: Clothing Store","","Shopping",$12552.08,"",
"0001112223","CK",2/21/2022,($81.33),"DEBITCARD: Event Tickets","","Entertainment",$12470.75,"",
"0001112223","CK",2/22/2022,($43.62),"ACH:WATER BILL","","Utilities",$12427.13,"",
"0001112223","CK",2/23/2022,($58.53),"DEBITCARD: Pharmacy","","Health",$12368.60,"",
"0001112223","CK",2/24/2022,($30.55),"DEBITCARD: Gas Station","","Gas / Fuel",$12338.05,"",
"0001112223","CK",2/26/2022,($29.77),"DEBITCARD: Pharmacy","","Health",$12308.28,"",
"0001112223","CK",2/26/2022,($8.70),"DEBITCARD: Pharmacy","","Health",$12299.58,"",
"0001112223","CK",2/27/2022,($1763.15),"ACH:CREDIT CARD PAYMENT","","Credit Card",$10536.43,"",
"0001112223","CK",2/27/2022,($5.54),"DEBITCARD: Streaming Add-on","","Entertainment",$10530.89,"",
"0001112223","CK",2/27/2022,($8.48),"DEBITCARD: Coffee Shop","","Food & Drink",$10522.41,"",
"0001112223","CK",2/28/2022,($74.73),"DEBITCARD: Hardware Store","","Home",$10447.68,"",
"0001112223","CK",3/1/2022,$3800.00,"ACH:VISTA TECH PAYROLL","","Misc. Income",$14247.68,"",
"0001112223","CK",3/1/2022,($2189.00),"ACH:Redwood Grove RENT","","Mortgage / Rent",$12058.68,"",
"0001112223","CK",3/1/2022,($245.00),"ACH:HEALTH INSURANCE","","Insurance",$11813.68,"",
"0001112223","CK",3/1/2022,($31.41),"DEBITCARD: Restaurant","","Food & Drink",$11782.27,"",
"0001112223","CK",3/3/2022,($143.82),"DEBITCARD: Grocery Store","","Groceries",$11638.45,"",
"0001112223","CK",3/3/2022,($42.72),"DEBITCARD: Gas Station","","Gas / Fuel",$11595.73,"",
"0001112223","CK",3/3/2022,($70.93),"DEBITCARD: Gas Station","","Gas / Fuel",$11524.80,"",
"0001112223","CK",3/4/2022,($12.06),"DEBITCARD: Ride Share","","Auto & Transport",$11512.74,"",
"0001112223","CK",3/5/2022,($79.99),"ACH:ISP INTERNET BILL","","Internet",$11432.75,"",
"0001112223","CK",3/5/2022,($213.88),"DEBITCARD: Event Tickets","","Entertainment",$11218.87,"",
"0001112223","CK",3/6/2022,($425.00),"ACH:AUTO LOAN PAYMENT","","Auto & Transport",$10793.87,"budgeteer:goal=Auto Loan Down-payment",
"0001112223","CK",3/7/2022,$594.09,"ACH:MOONLIGHT GIG","","Misc. Income",$11387.96,"Side work",
"0001112223","CK",3/8/2022,($30.88),"DEBITCARD: Restaurant","","Food & Drink",$11357.08,"",
"0001112223","CK",3/8/2022,($73.69),"DEBITCARD: Gas Station","","Gas / Fuel",$11283.39,"",
"0001112223","CK",3/8/2022,($27.02),"DEBITCARD: Books","","Shopping",$11256.37,"",
"0001112223","CK",3/8/2022,($12.45),"DEBITCARD: Ride Share","","Auto & Transport",$11243.92,"",
"0001112223","CK",3/9/2022,($39.99),"ACH:GYM MEMBERSHIP","","Health",$11203.93,"",
"0001112223","CK",3/9/2022,($19.99),"ACH:STREAMING SUBSCRIPTION","","Entertainment",$11183.94,"",
"0001112223","CK",3/9/2022,($38.98),"DEBITCARD: Pet Supplies","","Pets",$11144.96,"",
"0001112223","CK",3/9/2022,($27.94),"DEBITCARD: Books","","Shopping",$11117.02,"",
"0001112223","CK",3/10/2022,($16.26),"DEBITCARD: Books","","Shopping",$11100.76,"",
"0001112223","CK",3/10/2022,($61.59),"DEBITCARD: Pharmacy","","Health",$11039.17,"",
"0001112223","CK",3/11/2022,($68.00),"ACH:MOBILE PHONE","","Utilities",$10971.17,"",
"0001112223","CK",3/11/2022,($25.49),"DEBITCARD: Ride Share","","Auto & Transport",$10945.68,"",
"0001112223","CK",3/12/2022,($32.49),"DEBITCARD: Hardware Store","","Home",$10913.19,"",
"0001112223","CK",3/13/2022,($210.00),"ACH:STUDENT LOAN SERVICER","","Loans",$10703.19,"",
"0001112223","CK",3/14/2022,($42.39),"DEBITCARD: Pharmacy","","Health",$10660.80,"",
"0001112223","CK",3/15/2022,$3800.00,"ACH:VISTA TECH PAYROLL","","Misc. Income",$14460.80,"",
"0001112223","CK",3/15/2022,($131.54),"ACH:ELECTRIC BILL","","Utilities",$14329.26,"",
"0001112223","CK",3/15/2022,($30.45),"DEBITCARD: Pharmacy","","Health",$14298.81,"",
"0001112223","CK",3/16/2022,($136.00),"DEBITCARD: Clothing Store","","Shopping",$14162.81,"",
"0001112223","CK",3/16/2022,($70.78),"DEBITCARD: Hardware Store","","Home",$14092.03,"",
"0001112223","CK",3/16/2022,($76.15),"DEBITCARD: Hardware Store","","Home",$14015.88,"",
"0001112223","CK",3/17/2022,($750.00),"Web Branch:TFR TO SV 0001112223","","Transfer",$13265.88,"budgeteer:apply=savings",
"0001112223","CK",3/17/2022,($20.87),"DEBITCARD: Pet Supplies","","Pets",$13245.01,"",
"0001112223","CK",3/18/2022,($68.61),"DEBITCARD: Grocery Store","","Groceries",$13176.40,"",
"0001112223","CK",3/18/2022,($9.82),"DEBITCARD: Streaming Add-on","","Entertainment",$13166.58,"",
"0001112223","CK",3/19/2022,($28.51),"DEBITCARD: Pharmacy","","Health",$13138.07,"",
"0001112223","CK",3/19/2022,($14.13),"DEBITCARD: Pet Supplies","","Pets",$13123.94,"",
"0001112223","CK",3/21/2022,($39.77),"ACH:WATER BILL","","Utilities",$13084.17,"",
"0001112223","CK",3/21/2022,($59.23),"DEBITCARD: Pharmacy","","Health",$13024.94,"",
"0001112223","CK",3/24/2022,($1413.08),"ACH:CREDIT CARD PAYMENT","","Credit Card",$11611.86,"",
"0001112223","CK",3/24/2022,($8.09),"DEBITCARD: Streaming Add-on","","Entertainment",$11603.77,"",
"0001112223","CK",3/27/2022,($36.11),"DEBITCARD: Pet Supplies","","Pets",$11567.66,"",
"0001112223","CK",3/27/2022,($7.19),"DEBITCARD: Streaming Add-on","","Entertainment",$11560.47,"",
"0001112223","CK",3/28/2022,$12.23,"DIVIDEND PAYMENT","","Misc. Income",$11572.70,"",
"0001112223","CK",3/29/2022,($22.20),"DEBITCARD: Hardware Store","","Home",$11550.50,"",
"0001112223","CK",3/30/2022,($24.03),"DEBITCARD: Books","","Shopping",$11526.47,"",
"0001112223","CK",3/31/2022,($32.48),"DEBITCARD: Hardware Store","","Home",$11493.99,"",
"0001112223","CK",3/31/2022,($30.46),"DEBITCARD: Books","","Shopping",$11463.53,"",
"0001112223","CK",4/1/2022,$3800.00,"ACH:VISTA TECH PAYROLL","","Misc. Income",$15263.53,"",
"0001112223","CK",4/1/2022,($2189.00),"ACH:Redwood Grove RENT","","Mortgage / Rent",$13074.53,"",
"0001112223","CK",4/2/2022,($245.00),"ACH:HEALTH INSURANCE","","Insurance",$12829.53,"",
"0001112223","CK",4/5/2022,($425.00),"ACH:AUTO LOAN PAYMENT","","Auto & Transport",$12404.53,"budgeteer:goal=Auto Loan Down-payment",
"0001112223","CK",4/5/2022,($79.99),"ACH:ISP INTERNET BILL","","Internet",$12324.54,"",
"0001112223","CK",4/6/2022,($8.25),"DEBITCARD: Coffee Shop","","Food & Drink",$12316.29,"",
"0001112223","CK",4/6/2022,($92.48),"DEBITCARD: Clothing Store","","Shopping",$12223.81,"",
"0001112223","CK",4/7/2022,($75.25),"DEBITCARD: Grocery Store","","Groceries",$12148.56,"",
"0001112223","CK",4/7/2022,($30.86),"DEBITCARD: Gas Station","","Gas / Fuel",$12117.70,"",
"0001112223","CK",4/8/2022,($19.99),"ACH:STREAMING SUBSCRIPTION","","Entertainment",$12097.71,"",
"0001112223","CK",4/8/2022,$758.35,"ACH:MOONLIGHT GIG","","Misc. Income",$12856.06,"Side work",
"0001112223","CK",4/8/2022,($10.07),"DEBITCARD: Ride Share","","Auto & Transport",$12845.99,"",
"0001112223","CK",4/9/2022,($39.99),"ACH:GYM MEMBERSHIP","","Health",$12806.00,"",
"0001112223","CK",4/9/2022,($68.00),"ACH:MOBILE PHONE","","Utilities",$12738.00,"",
"0001112223","CK",4/9/2022,($8.28),"DEBITCARD: Coffee Shop","","Food & Drink",$12729.72,"",
"0001112223","CK",4/9/2022,($177.05),"DEBITCARD: Grocery Store","","Groceries",$12552.67,"",
"0001112223","CK",4/10/2022,($13.84),"DEBITCARD: Pet Supplies","","Pets",$12538.83,"",
"0001112223","CK",4/10/2022,($9.17),"DEBITCARD: Streaming Add-on","","Entertainment",$12529.66,"",
"0001112223","CK",4/10/2022,($28.25),"DEBITCARD: Books","","Shopping",$12501.41,"",
"0001112223","CK",4/11/2022,($113.89),"DEBITCARD: Clothing Store","","Shopping",$12387.52,"",
"0001112223","CK",4/12/2022,($210.00),"ACH:STUDENT LOAN SERVICER","","Loans",$12177.52,"",
"0001112223","CK",4/12/2022,($78.48),"DEBITCARD: Event Tickets","","Entertainment",$12099.04,"",
"0001112223","CK",4/12/2022,($163.33),"DEBITCARD: Grocery Store","","Groceries",$11935.71,"",
"0001112223","CK",4/12/2022,($40.38),"DEBITCARD: Gas Station","","Gas / Fuel",$11895.33,"",
"0001112223","CK",4/14/2022,($147.04),"ACH:ELECTRIC BILL","","Utilities",$11748.29,"",
"0001112223","CK",4/14/2022,($27.22),"DEBITCARD: Restaurant","","Food & Drink",$11721.07,"",
"0001112223","CK",4/15/2022,$3800.00,"ACH:VISTA TECH PAYROLL","","Misc. Income",$15521.07,"",
"0001112223","CK",4/16/2022,($750.00),"Web Branch:TFR TO SV 0001112223","","Transfer",$14771.07,"budgeteer:apply=savings",
"0001112223","CK",4/16/2022,($42.85),"DEBITCARD: Hardware Store","","Home",$14728.22,"",
"0001112223","CK",4/16/2022,($17.86),"DEBITCARD: Ride Share","","Auto & Transport",$14710.36,"",
"0001112223","CK",4/17/2022,$3200.27,"US TREASURY TAX REFUND","","Misc. Income",$17910.63,"",
"0001112223","CK",4/17/2022,($4.00),"DEBITCARD: Coffee Shop","","Food & Drink",$17906.63,"",
"0001112223","CK",4/18/2022,($74.60),"DEBITCARD: Grocery Store","","Groceries",$17832.03,"",
"0001112223","CK",4/18/2022,($34.80),"DEBITCARD: Gas Station","","Gas / Fuel",$17797.23,"",
"0001112223","CK",4/18/2022,($51.56),"DEBITCARD: Pet Supplies","","Pets",$17745.67,"",
"0001112223","CK",4/19/2022,($5.51),"DEBITCARD: Streaming Add-on","","Entertainment",$17740.16,"",
"0001112223","CK",4/20/2022,($48.91),"ACH:WATER BILL","","Utilities",$17691.25,"",
"0001112223","CK",4/20/2022,($141.34),"DEBITCARD: Grocery Store","","Groceries",$17549.91,"",
"0001112223","CK",4/20/2022,($15.52),"DEBITCARD: Pet Supplies","","Pets",$17534.39,"",
"0001112223","CK",4/21/2022,($90.00),"DEBITCARD: Event Tickets","","Entertainment",$17444.39,"",
"0001112223","CK",4/21/2022,($43.68),"DEBITCARD: Pharmacy","","Health",$17400.71,"",
"0001112223","CK",4/24/2022,($65.95),"DEBITCARD: Gas Station","","Gas / Fuel",$17334.76,"",
"0001112223","CK",4/24/2022,($26.32),"DEBITCARD: Ride Share","","Auto & Transport",$17308.44,"",
"0001112223","CK",4/25/2022,($1063.00),"ACH:CREDIT CARD PAYMENT","","Credit Card",$16245.44,"",
"0001112223","CK",4/25/2022,($22.96),"DEBITCARD: Books","","Shopping",$16222.48,"",
"0001112223","CK",4/26/2022,($167.31),"DEBITCARD: Grocery Store","","Groceries",$16055.17,"",
"0001112223","CK",4/27/2022,($68.33),"DEBITCARD: Gas Station","","Gas / Fuel",$15986.84,"",
"0001112223","CK",4/28/2022,$10.18,"DIVIDEND PAYMENT","","Misc. Income",$15997.02,"",
"0001112223","CK",4/29/2022,($5.03),"DEBITCARD: Coffee Shop","","Food & Drink",$15991.99,"",
"0001112223","CK",4/29/2022,($4.21),"DEBITCARD: Coffee Shop","","Food & Drink",$15987.78,"",
"0001112223","CK",5/1/2022,$3800.00,"ACH:VISTA TECH PAYROLL","","Misc. Income",$19787.78,"",
"0001112223","CK",5/1/2022,($2189.00),"ACH:Redwood Grove RENT","","Mortgage / Rent",$17598.78,"",
"0001112223","CK",5/1/2022,($245.00),"ACH:HEALTH INSURANCE","","Insurance",$17353.78,"",
"0001112223","CK",5/1/2022,($106.06),"DEBITCARD: Event Tickets","","Entertainment",$17247.72,"",
"0001112223","CK",5/2/2022,($12.24),"DEBITCARD: Pharmacy","","Health",$17235.48,"",
"0001112223","CK",5/2/2022,($15.57),"DEBITCARD: Pet Supplies","","Pets",$17219.91,"",
"0001112223","CK",5/4/2022,($425.00),"ACH:AUTO LOAN PAYMENT","","Auto & Transport",$16794.91,"budgeteer:goal=Auto Loan Down-payment",
"0001112223","CK",5/4/2022,($181.44),"DEBITCARD: Grocery Store","","Groceries",$16613.47,"",
"0001112223","CK",5/4/2022,($155.17),"DEBITCARD: Event Tickets","","Entertainment",$16458.30,"",
"0001112223","CK",5/4/2022,($33.39),"DEBITCARD: Pharmacy","","Health",$16424.91,"",
"0001112223","CK",5/5/2022,($79.99),"ACH:ISP INTERNET BILL","","Internet",$16344.92,"",
"0001112223","CK",5/6/2022,($32.90),"DEBITCARD: Books","","Shopping",$16312.02,"",
"0001112223","CK",5/7/2022,($39.99),"ACH:GYM MEMBERSHIP","","Health",$16272.03,"",
"0001112223","CK",5/8/2022,($131.25),"DEBITCARD: Grocery Store","","Groceries",$16140.78,"",
"0001112223","CK",5/9/2022,$922.60,"ACH:MOONLIGHT GIG","","Misc. Income",$17063.38,"Side work",
"0001112223","CK",5/9/2022,($27.60),"DEBITCARD: Restaurant","","Food & Drink",$17035.78,"",
"0001112223","CK",5/9/2022,($54.50),"DEBITCARD: Pet Supplies","","Pets",$16981.28,"",
"0001112223","CK",5/9/2022,($59.27),"DEBITCARD: Grocery Store","","Groceries",$16922.01,"",
"0001112223","CK",5/10/2022,($19.99),"ACH:STREAMING SUBSCRIPTION","","Entertainment",$16902.02,"",
"0001112223","CK",5/10/2022,($68.00),"ACH:MOBILE PHONE","","Utilities",$16834.02,"",
"0001112223","CK",5/10/2022,($22.21),"DEBITCARD: Clothing Store","","Shopping",$16811.81,"",
"0001112223","CK",5/11/2022,($210.00),"ACH:STUDENT LOAN SERVICER","","Loans",$16601.81,"",
"0001112223","CK",5/13/2022,($122.54),"ACH:ELECTRIC BILL","","Utilities",$16479.27,"",
"0001112223","CK",5/13/2022,($59.72),"DEBITCARD: Hardware Store","","Home",$16419.55,"",
"0001112223","CK",5/14/2022,($6.27),"DEBITCARD: Streaming Add-on","","Entertainment",$16413.28,"",
"0001112223","CK",5/14/2022,($72.69),"DEBITCARD: Event Tickets","","Entertainment",$16340.59,"",
"0001112223","CK",5/15/2022,$3800.00,"ACH:VISTA TECH PAYROLL","","Misc. Income",$20140.59,"",
"0001112223","CK",5/15/2022,($11.47),"DEBITCARD: Streaming Add-on","","Entertainment",$20129.12,"",
"0001112223","CK",5/16/2022,($750.00),"Web Branch:TFR TO SV 0001112223","","Transfer",$19379.12,"budgeteer:apply=savings",
"0001112223","CK",5/16/2022,($11.95),"DEBITCARD: Books","","Shopping",$19367.17,"",
"0001112223","CK",5/17/2022,($20.54),"DEBITCARD: Books","","Shopping",$19346.63,"",
"0001112223","CK",5/18/2022,($9.76),"DEBITCARD: Coffee Shop","","Food & Drink",$19336.87,"",
"0001112223","CK",5/18/2022,($107.24),"DEBITCARD: Clothing Store","","Shopping",$19229.63,"",
"0001112223","CK",5/19/2022,($137.85),"DEBITCARD: Event Tickets","","Entertainment",$19091.78,"",
"0001112223","CK",5/20/2022,($45.06),"ACH:WATER BILL","","Utilities",$19046.72,"",
"0001112223","CK",5/20/2022,($70.11),"DEBITCARD: Hardware Store","","Home",$18976.61,"",
"0001112223","CK",5/21/2022,($35.93),"DEBITCARD: Hardware Store","","Home",$18940.68,"",
"0001112223","CK",5/21/2022,($5.55),"DEBITCARD: Coffee Shop","","Food & Drink",$18935.13,"",
"0001112223","CK",5/24/2022,($169.54),"DEBITCARD: Event Tickets","","Entertainment",$18765.59,"",
"0001112223","CK",5/25/2022,($5.58),"DEBITCARD: Streaming Add-on","","Entertainment",$18760.01,"",
"0001112223","CK",5/25/2022,($8.27),"DEBITCARD: Streaming Add-on","","Entertainment",$18751.74,"",
"0001112223","CK",5/25/2022,($110.02),"DEBITCARD: Clothing Store","","Shopping",$18641.72,"",
"0001112223","CK",5/25/2022,($26.57),"DEBITCARD: Ride Share","","Auto & Transport",$18615.15,"",
"0001112223","CK",5/26/2022,$157.56,"ACH:MOONLIGHT GIG","","Misc. Income",$18772.71,"Side work",
"0001112223","CK",5/26/2022,($20.44),"DEBITCARD: Books","","Shopping",$18752.27,"",
"0001112223","CK",5/26/2022,($27.08),"DEBITCARD: Clothing Store","","Shopping",$18725.19,"",
"0001112223","CK",5/27/2022,($712.93),"ACH:CREDIT CARD PAYMENT","","Credit Card",$18012.26,"",
"0001112223","CK",5/29/2022,($64.62),"DEBITCARD: Pharmacy","","Health",$17947.64,"",
"0001112223","CK",5/29/2022,($38.95),"DEBITCARD: Pet Supplies","","Pets",$17908.69,"",
"0001112223","CK",5/30/2022,($23.05),"DEBITCARD: Books","","Shopping",$17885.64,"",
"0001112223","CK",6/1/2022,$3800.00,"ACH:VISTA TECH PAYROLL","","Misc. Income",$21685.64,"",
"0001112223","CK",6/1/2022,($2189.00),"ACH:Redwood Grove RENT","","Mortgage / Rent",$19496.64,"",
"0001112223","CK",6/2/2022,($245.00),"ACH:HEALTH INSURANCE","","Insurance",$19251.64,"",
"0001112223","CK",6/3/2022,($41.16),"DEBITCARD: Pet Supplies","","Pets",$19210.48,"",
"0001112223","CK",6/3/2022,($11.96),"DEBITCARD: Ride Share","","Auto & Transport",$19198.52,"",
"0001112223","CK",6/4/2022,($174.84),"DEBITCARD: Grocery Store","","Groceries",$19023.68,"",
"0001112223","CK",6/5/2022,($39.35),"DEBITCARD: Gas Station","","Gas / Fuel",$18984.33,"",
"0001112223","CK",6/6/2022,($425.00),"ACH:AUTO LOAN PAYMENT","","Auto & Transport",$18559.33,"budgeteer:goal=Auto Loan Down-payment",
"0001112223","CK",6/6/2022,($79.99),"ACH:ISP INTERNET BILL","","Internet",$18479.34,"",
"0001112223","CK",6/6/2022,($60.42),"DEBITCARD: Hardware Store","","Home",$18418.92,"",
"0001112223","CK",6/7/2022,($39.99),"ACH:GYM MEMBERSHIP","","Health",$18378.93,"",
"0001112223","CK",6/8/2022,($12.38),"DEBITCARD: Books","","Shopping",$18366.55,"",
"0001112223","CK",6/8/2022,($71.40),"DEBITCARD: Gas Station","","Gas / Fuel",$18295.15,"",
"0001112223","CK",6/9/2022,($19.99),"ACH:STREAMING SUBSCRIPTION","","Entertainment",$18275.16,"",
"0001112223","CK",6/9/2022,($68.00),"ACH:MOBILE PHONE","","Utilities",$18207.16,"",
"0001112223","CK",6/9/2022,($21.86),"DEBITCARD: Ride Share","","Auto & Transport",$18185.30,"",
"0001112223","CK",6/9/2022,($41.26),"DEBITCARD: Pharmacy","","Health",$18144.04,"",
"0001112223","CK",6/11/2022,($42.37),"DEBITCARD: Pet Supplies","","Pets",$18101.67,"",
"0001112223","CK",6/12/2022,($193.04),"ACH:ELECTRIC BILL","","Utilities",$17908.63,"",
"0001112223","CK",6/12/2022,($25.27),"DEBITCARD: Books","","Shopping",$17883.36,"",
"0001112223","CK",6/13/2022,($210.00),"ACH:STUDENT LOAN SERVICER","","Loans",$17673.36,"",
"0001112223","CK",6/13/2022,($207.00),"DEBITCARD: Grocery Store","","Groceries",$17466.36,"",
"0001112223","CK",6/14/2022,($85.70),"DEBITCARD: Grocery Store","","Groceries",$17380.66,"",
"0001112223","CK",6/15/2022,$3800.00,"ACH:VISTA TECH PAYROLL","","Misc. Income",$21180.66,"",
"0001112223","CK",6/15/2022,($750.00),"Web Branch:TFR TO SV 0001112223","","Transfer",$20430.66,"budgeteer:apply=savings",
"0001112223","CK",6/15/2022,($29.89),"DEBITCARD: Pet Supplies","","Pets",$20400.77,"",
"0001112223","CK",6/15/2022,($166.52),"DEBITCARD: Grocery Store","","Groceries",$20234.25,"",
"0001112223","CK",6/15/2022,($74.78),"DEBITCARD: Gas Station","","Gas / Fuel",$20159.47,"",
"0001112223","CK",6/15/2022,($8.42),"DEBITCARD: Coffee Shop","","Food & Drink",$20151.05,"",
"0001112223","CK",6/17/2022,($186.84),"DEBITCARD: Grocery Store","","Groceries",$19964.21,"",
"0001112223","CK",6/17/2022,($25.25),"DEBITCARD: Books","","Shopping",$19938.96,"",
"0001112223","CK",6/18/2022,($29.30),"DEBITCARD: Books","","Shopping",$19909.66,"",
"0001112223","CK",6/18/2022,($9.15),"DEBITCARD: Ride Share","","Auto & Transport",$19900.51,"",
"0001112223","CK",6/20/2022,($109.66),"DEBITCARD: Clothing Store","","Shopping",$19790.85,"",
"0001112223","CK",6/21/2022,($16.08),"DEBITCARD: Restaurant","","Food & Drink",$19774.77,"",
"0001112223","CK",6/22/2022,($144.75),"DEBITCARD: Event Tickets","","Entertainment",$19630.02,"",
"0001112223","CK",6/23/2022,($1562.86),"ACH:CREDIT CARD PAYMENT","","Credit Card",$18067.16,"",
"0001112223","CK",6/23/2022,($56.37),"DEBITCARD: Pharmacy","","Health",$18010.79,"",
"0001112223","CK",6/23/2022,($37.16),"DEBITCARD: Pharmacy","","Health",$17973.63,"",
"0001112223","CK",6/23/2022,($26.80),"DEBITCARD: Pet Supplies","","Pets",$17946.83,"",
"0001112223","CK",6/23/2022,($9.08),"DEBITCARD: Coffee Shop","","Food & Drink",$17937.75,"",
"0001112223","CK",6/24/2022,($41.21),"ACH:WATER BILL","","Utilities",$17896.54,"",
"0001112223","CK",6/24/2022,($178.68),"DEBITCARD: Grocery Store","","Groceries",$17717.86,"",
"0001112223","CK",6/25/2022,($26.59),"DEBITCARD: Hardware Store","","Home",$17691.27,"",
"0001112223","CK",6/25/2022,($136.30),"DEBITCARD: Grocery Store","","Groceries",$17554.97,"",
"0001112223","CK",6/27/2022,($9.13),"DEBITCARD: Ride Share","","Auto & Transport",$17545.84,"",
"0001112223","CK",6/27/2022,($76.05),"DEBITCARD: Hardware Store","","Home",$17469.79,"",
"0001112223","CK",6/28/2022,($38.32),"DEBITCARD: Pet Supplies","","Pets",$17431.47,"",
"0001112223","CK",6/28/2022,($50.42),"DEBITCARD: Restaurant","","Food & Drink",$17381.05,"",
"0001112223","CK",6/29/2022,($45.64),"DEBITCARD: Restaurant","","Food & Drink",$17335.41,"",
"0001112223","CK",7/1/2022,$3800.00,"ACH:VISTA TECH PAYROLL","","Misc. Income",$21135.41,"",
"0001112223","CK",7/1/2022,($2189.00),"ACH:Redwood Grove RENT","","Mortgage / Rent",$18946.41,"",
"0001112223","CK",7/1/2022,($27.10),"DEBITCARD: Clothing Store","","Shopping",$18919.31,"",
"0001112223","CK",7/2/2022,($9.02),"DEBITCARD: Coffee Shop","","Food & Drink",$18910.29,"",
"0001112223","CK",7/2/2022,($42.96),"DEBITCARD: Restaurant","","Food & Drink",$18867.33,"",
"0001112223","CK",7/2/2022,($19.03),"DEBITCARD: Ride Share","","Auto & Transport",$18848.30,"",
"0001112223","CK",7/3/2022,($245.00),"ACH:HEALTH INSURANCE","","Insurance",$18603.30,"",
"0001112223","CK",7/3/2022,($4.75),"DEBITCARD: Coffee Shop","","Food & Drink",$18598.55,"",
"0001112223","CK",7/4/2022,($53.47),"DEBITCARD: Restaurant","","Food & Drink",$18545.08,"",
"0001112223","CK",7/5/2022,($425.00),"ACH:AUTO LOAN PAYMENT","","Auto & Transport",$18120.08,"budgeteer:goal=Auto Loan Down-payment",
"0001112223","CK",7/5/2022,($24.37),"DEBITCARD: Restaurant","","Food & Drink",$18095.71,"",
"0001112223","CK",7/5/2022,($26.78),"DEBITCARD: Books","","Shopping",$18068.93,"",
"0001112223","CK",7/6/2022,($79.99),"ACH:ISP INTERNET BILL","","Internet",$17988.94,"",
"0001112223","CK",7/6/2022,($35.08),"DEBITCARD: Pet Supplies","","Pets",$17953.86,"",
"0001112223","CK",7/8/2022,($39.99),"ACH:GYM MEMBERSHIP","","Health",$17913.87,"",
"0001112223","CK",7/8/2022,($19.99),"ACH:STREAMING SUBSCRIPTION","","Entertainment",$17893.88,"",
"0001112223","CK",7/8/2022,($62.02),"DEBITCARD: Restaurant","","Food & Drink",$17831.86,"",
"0001112223","CK",7/8/2022,($11.15),"DEBITCARD: Books","","Shopping",$17820.71,"",
"0001112223","CK",7/8/2022,($118.32),"DEBITCARD: Event Tickets","","Entertainment",$17702.39,"",
"0001112223","CK",7/9/2022,($38.16),"DEBITCARD: Pharmacy","","Health",$17664.23,"",
"0001112223","CK",7/10/2022,($68.00),"ACH:MOBILE PHONE","","Utilities",$17596.23,"",
"0001112223","CK",7/10/2022,($30.81),"DEBITCARD: Books","","Shopping",$17565.42,"",
"0001112223","CK",7/11/2022,($208.55),"ACH:ELECTRIC BILL","","Utilities",$17356.87,"",
"0001112223","CK",7/11/2022,($31.99),"DEBITCARD: Books","","Shopping",$17324.88,"",
"0001112223","CK",7/11/2022,($91.32),"DEBITCARD: Event Tickets","","Entertainment",$17233.56,"",
"0001112223","CK",7/12/2022,($210.00),"ACH:STUDENT LOAN SERVICER","","Loans",$17023.56,"",
"0001112223","CK",7/15/2022,$3800.00,"ACH:VISTA TECH PAYROLL","","Misc. Income",$20823.56,"",
"0001112223","CK",7/15/2022,($49.67),"DEBITCARD: Restaurant","","Food & Drink",$20773.89,"",
"0001112223","CK",7/15/2022,($50.59),"DEBITCARD: Pharmacy","","Health",$20723.30,"",
"0001112223","CK",7/17/2022,($750.00),"Web Branch:TFR TO SV 0001112223","","Transfer",$19973.30,"budgeteer:apply=savings",
"0001112223","CK",7/17/2022,($10.95),"DEBITCARD: Streaming Add-on","","Entertainment",$19962.35,"",
"0001112223","CK",7/17/2022,($17.11),"DEBITCARD: Restaurant","","Food & Drink",$19945.24,"",
"0001112223","CK",7/19/2022,($167.74),"DEBITCARD: Grocery Store","","Groceries",$19777.50,"budgeteer:category=Food",
"0001112223","CK",7/20/2022,($10.85),"DEBITCARD: Books","","Shopping",$19766.65,"",
"0001112223","CK",7/21/2022,($71.30),"DEBITCARD: Grocery Store","","Groceries",$19695.35,"",
"0001112223","CK",7/22/2022,($25.61),"DEBITCARD: Restaurant","","Food & Drink",$19669.74,"",
"0001112223","CK",7/22/2022,($19.69),"DEBITCARD: Pharmacy","","Health",$19650.05,"",
"0001112223","CK",7/22/2022,($58.15),"DEBITCARD: Restaurant","","Food & Drink",$19591.90,"",
"0001112223","CK",7/22/2022,($36.66),"DEBITCARD: Pharmacy","","Health",$19555.24,"",
"0001112223","CK",7/23/2022,($50.36),"ACH:WATER BILL","","Utilities",$19504.88,"",
"0001112223","CK",7/23/2022,($22.79),"DEBITCARD: Pharmacy","","Health",$19482.09,"",
"0001112223","CK",7/23/2022,($113.04),"DEBITCARD: Clothing Store","","Shopping",$19369.05,"",
"0001112223","CK",7/23/2022,($11.05),"DEBITCARD: Books","","Shopping",$19358.00,"",
"0001112223","CK",7/24/2022,($19.25),"DEBITCARD: Pharmacy","","Health",$19338.75,"",
"0001112223","CK",7/25/2022,($1212.78),"ACH:CREDIT CARD PAYMENT","","Credit Card",$18125.97,"",
"0001112223","CK",7/26/2022,($9.41),"DEBITCARD: Ride Share","","Auto & Transport",$18116.56,"",
"0001112223","CK",7/26/2022,($72.58),"DEBITCARD: Hardware Store","","Home",$18043.98,"",
"0001112223","CK",7/27/2022,($6.16),"DEBITCARD: Streaming Add-on","","Entertainment",$18037.82,"",
"0001112223","CK",7/28/2022,($137.11),"DEBITCARD: Event Tickets","","Entertainment",$17900.71,"",
"0001112223","CK",7/28/2022,($20.02),"DEBITCARD: Ride Share","","Auto & Transport",$17880.69,"",
"0001112223","CK",8/1/2022,$3800.00,"ACH:VISTA TECH PAYROLL","","Misc. Income",$21680.69,"",
"0001112223","CK",8/1/2022,($2189.00),"ACH:Redwood Grove RENT","","Mortgage / Rent",$19491.69,"",
"0001112223","CK",8/1/2022,($69.07),"DEBITCARD: Gas Station","","Gas / Fuel",$19422.62,"",
"0001112223","CK",8/2/2022,($245.00),"ACH:HEALTH INSURANCE","","Insurance",$19177.62,"",
"0001112223","CK",8/3/2022,($23.10),"DEBITCARD: Hardware Store","","Home",$19154.52,"",
"0001112223","CK",8/3/2022,($38.69),"DEBITCARD: Clothing Store","","Shopping",$19115.83,"",
"0001112223","CK",8/3/2022,($10.91),"DEBITCARD: Streaming Add-on","","Entertainment",$19104.92,"",
"0001112223","CK",8/4/2022,($425.00),"ACH:AUTO LOAN PAYMENT","","Auto & Transport",$18679.92,"budgeteer:goal=Auto Loan Down-payment",
"0001112223","CK",8/4/2022,($21.24),"DEBITCARD: Books","","Shopping",$18658.68,"",
"0001112223","CK",8/4/2022,($183.16),"DEBITCARD: Event Tickets","","Entertainment",$18475.52,"",
"0001112223","CK",8/6/2022,($79.99),"ACH:ISP INTERNET BILL","","Internet",$18395.53,"",
"0001112223","CK",8/7/2022,($17.32),"DEBITCARD: Pharmacy","","Health",$18378.21,"",
"0001112223","CK",8/8/2022,($39.99),"ACH:GYM MEMBERSHIP","","Health",$18338.22,"",
"0001112223","CK",8/8/2022,($8.63),"DEBITCARD: Ride Share","","Auto & Transport",$18329.59,"",
"0001112223","CK",8/9/2022,($35.36),"DEBITCARD: Pharmacy","","Health",$18294.23,"",
"0001112223","CK",8/9/2022,($51.91),"DEBITCARD: Pet Supplies","","Pets",$18242.32,"",
"0001112223","CK",8/10/2022,($19.99),"ACH:STREAMING SUBSCRIPTION","","Entertainment",$18222.33,"",
"0001112223","CK",8/10/2022,($45.75),"DEBITCARD: Restaurant","","Food & Drink",$18176.58,"",
"0001112223","CK",8/11/2022,($68.00),"ACH:MOBILE PHONE","","Utilities",$18108.58,"",
"0001112223","CK",8/11/2022,($210.00),"ACH:STUDENT LOAN SERVICER","","Loans",$17898.58,"",
"0001112223","CK",8/11/2022,($15.80),"DEBITCARD: Ride Share","","Auto & Transport",$17882.78,"",
"0001112223","CK",8/11/2022,($59.64),"DEBITCARD: Pharmacy","","Health",$17823.14,"",
"0001112223","CK",8/11/2022,($52.02),"DEBITCARD: Hardware Store","","Home",$17771.12,"",
"0001112223","CK",8/12/2022,($74.57),"DEBITCARD: Hardware Store","","Home",$17696.55,"",
"0001112223","CK",8/12/2022,($8.16),"DEBITCARD: Ride Share","","Auto & Transport",$17688.39,"",
"0001112223","CK",8/12/2022,($24.48),"DEBITCARD: Books","","Shopping",$17663.91,"",
"0001112223","CK",8/13/2022,($30.78),"DEBITCARD: Gas Station","","Gas / Fuel",$17633.13,"",
"0001112223","CK",8/14/2022,($8.36),"DEBITCARD: Coffee Shop","","Food & Drink",$17624.77,"",
"0001112223","CK",8/14/2022,($17.06),"DEBITCARD: Books","","Shopping",$17607.71,"",
"0001112223","CK",8/15/2022,$3800.00,"ACH:VISTA TECH PAYROLL","","Misc. Income",$21407.71,"",
"0001112223","CK",8/15/2022,($184.05),"ACH:ELECTRIC BILL","","Utilities",$21223.66,"",
"0001112223","CK",8/15/2022,($9.43),"DEBITCARD: Ride Share","","Auto & Transport",$21214.23,"",
"0001112223","CK",8/17/2022,($750.00),"Web Branch:TFR TO SV 0001112223","","Transfer",$20464.23,"budgeteer:apply=savings",
"0001112223","CK",8/17/2022,($9.06),"DEBITCARD: Streaming Add-on","","Entertainment",$20455.17,"",
"0001112223","CK",8/17/2022,($33.45),"DEBITCARD: Pet Supplies","","Pets",$20421.72,"",
"0001112223","CK",8/17/2022,($36.95),"DEBITCARD: Pet Supplies","","Pets",$20384.77,"",
"0001112223","CK",8/18/2022,($146.48),"DEBITCARD: Grocery Store","","Groceries",$20238.29,"",
"0001112223","CK",8/18/2022,($26.97),"DEBITCARD: Ride Share","","Auto & Transport",$20211.32,"",
"0001112223","CK",8/18/2022,($31.37),"DEBITCARD: Restaurant","","Food & Drink",$20179.95,"",
"0001112223","CK",8/19/2022,($44.65),"DEBITCARD: Clothing Store","","Shopping",$20135.30,"",
"0001112223","CK",8/19/2022,($188.69),"DEBITCARD: Grocery Store","","Groceries",$19946.61,"",
"0001112223","CK",8/21/2022,($59.69),"DEBITCARD: Gas Station","","Gas / Fuel",$19886.92,"",
"0001112223","CK",8/22/2022,($10.14),"DEBITCARD: Books","","Shopping",$19876.78,"",
"0001112223","CK",8/23/2022,($46.51),"ACH:WATER BILL","","Utilities",$19830.27,"",
"0001112223","CK",8/23/2022,($39.22),"DEBITCARD: Hardware Store","","Home",$19791.05,"",
"0001112223","CK",8/24/2022,$13.14,"DIVIDEND PAYMENT","","Misc. Income",$19804.19,"",
"0001112223","CK",8/24/2022,($22.63),"DEBITCARD: Pharmacy","","Health",$19781.56,"",
"0001112223","CK",8/24/2022,($23.76),"DEBITCARD: Books","","Shopping",$19757.80,"",
"0001112223","CK",8/26/2022,($9.46),"DEBITCARD: Pharmacy","","Health",$19748.34,"",
"0001112223","CK",8/27/2022,($862.71),"ACH:CREDIT CARD PAYMENT","","Credit Card",$18885.63,"",
"0001112223","CK",9/1/2022,$3800.00,"ACH:VISTA TECH PAYROLL","","Misc. Income",$22685.63,"",
"0001112223","CK",9/1/2022,($2189.00),"ACH:Redwood Grove RENT","","Mortgage / Rent",$20496.63,"",
"0001112223","CK",9/1/2022,($36.28),"DEBITCARD: Hardware Store","","Home",$20460.35,"",
"0001112223","CK",9/1/2022,($60.85),"DEBITCARD: Gas Station","","Gas / Fuel",$20399.50,"",
"0001112223","CK",9/3/2022,($245.00),"ACH:HEALTH INSURANCE","","Insurance",$20154.50,"",
"0001112223","CK",9/3/2022,($5.45),"DEBITCARD: Streaming Add-on","","Entertainment",$20149.05,"",
"0001112223","CK",9/3/2022,($61.54),"DEBITCARD: Hardware Store","","Home",$20087.51,"",
"0001112223","CK",9/4/2022,($72.04),"DEBITCARD: Event Tickets","","Entertainment",$20015.47,"",
"0001112223","CK",9/5/2022,($65.84),"DEBITCARD: Gas Station","","Gas / Fuel",$19949.63,"",
"0001112223","CK",9/6/2022,($425.00),"ACH:AUTO LOAN PAYMENT","","Auto & Transport",$19524.63,"budgeteer:goal=Auto Loan Down-payment",
"0001112223","CK",9/6/2022,($79.99),"ACH:ISP INTERNET BILL","","Internet",$19444.64,"",
"0001112223","CK",9/6/2022,($17.02),"DEBITCARD: Pharmacy","","Health",$19427.62,"",
"0001112223","CK",9/6/2022,($9.43),"DEBITCARD: Streaming Add-on","","Entertainment",$19418.19,"",
"0001112223","CK",9/7/2022,($166.04),"DEBITCARD: Grocery Store","","Groceries",$19252.15,"",
"0001112223","CK",9/8/2022,($39.99),"ACH:GYM MEMBERSHIP","","Health",$19212.16,"",
"0001112223","CK",9/8/2022,($120.08),"DEBITCARD: Grocery Store","","Groceries",$19092.08,"",
"0001112223","CK",9/8/2022,($16.69),"DEBITCARD: Ride Share","","Auto & Transport",$19075.39,"",
"0001112223","CK",9/8/2022,($4.65),"DEBITCARD: Coffee Shop","","Food & Drink",$19070.74,"",
"0001112223","CK",9/9/2022,($19.99),"ACH:STREAMING SUBSCRIPTION","","Entertainment",$19050.75,"",
"0001112223","CK",9/9/2022,($70.01),"DEBITCARD: Hardware Store","","Home",$18980.74,"",
"0001112223","CK",9/9/2022,($43.02),"DEBITCARD: Gas Station","","Gas / Fuel",$18937.72,"",
"0001112223","CK",9/10/2022,($68.00),"ACH:MOBILE PHONE","","Utilities",$18869.72,"",
"0001112223","CK",9/10/2022,($7.60),"DEBITCARD: Streaming Add-on","","Entertainment",$18862.12,"",
"0001112223","CK",9/11/2022,($210.00),"ACH:STUDENT LOAN SERVICER","","Loans",$18652.12,"",
"0001112223","CK",9/11/2022,($36.87),"DEBITCARD: Pharmacy","","Health",$18615.25,"",
"0001112223","CK",9/12/2022,($4.04),"DEBITCARD: Coffee Shop","","Food & Drink",$18611.21,"",
"0001112223","CK",9/12/2022,($29.67),"DEBITCARD: Pharmacy","","Health",$18581.54,"",
"0001112223","CK",9/12/2022,($74.73),"DEBITCARD: Grocery Store","","Groceries",$18506.81,"",
"0001112223","CK",9/13/2022,($30.62),"DEBITCARD: Books","","Shopping",$18476.19,"",
"0001112223","CK",9/13/2022,($24.78),"DEBITCARD: Books","","Shopping",$18451.41,"",
"0001112223","CK",9/14/2022,($199.55),"ACH:ELECTRIC BILL","","Utilities",$18251.86,"",
"0001112223","CK",9/14/2022,($9.85),"DEBITCARD: Streaming Add-on","","Entertainment",$18242.01,"",
"0001112223","CK",9/14/2022,($54.21),"DEBITCARD: Pet Supplies","","Pets",$18187.80,"",
"0001112223","CK",9/15/2022,$3800.00,"ACH:VISTA TECH PAYROLL","","Misc. Income",$21987.80,"",
"0001112223","CK",9/16/2022,($750.00),"Web Branch:TFR TO SV 0001112223","","Transfer",$21237.80,"budgeteer:apply=savings",
"0001112223","CK",9/16/2022,($16.75),"DEBITCARD: Restaurant","","Food & Drink",$21221.05,"",
"0001112223","CK",9/16/2022,($95.40),"DEBITCARD: Grocery Store","","Groceries",$21125.65,"",
"0001112223","CK",9/17/2022,($104.24),"DEBITCARD: Clothing Store","","Shopping",$21021.41,"",
"0001112223","CK",9/18/2022,($6.32),"DEBITCARD: Coffee Shop","","Food & Drink",$21015.09,"",
"0001112223","CK",9/18/2022,($54.01),"DEBITCARD: Gas Station","","Gas / Fuel",$20961.08,"",
"0001112223","CK",9/18/2022,($84.59),"DEBITCARD: Hardware Store","","Home",$20876.49,"",
"0001112223","CK",9/19/2022,($44.29),"DEBITCARD: Pet Supplies","","Pets",$20832.20,"",
"0001112223","CK",9/20/2022,($10.41),"DEBITCARD: Books","","Shopping",$20821.79,"",
"0001112223","CK",9/22/2022,($42.66),"ACH:WATER BILL","","Utilities",$20779.13,"",
"0001112223","CK",9/23/2022,($1712.64),"ACH:CREDIT CARD PAYMENT","","Credit Card",$19066.49,"",
"0001112223","CK",9/26/2022,$8.15,"DIVIDEND PAYMENT","","Misc. Income",$19074.64,"",
"0001112223","CK",9/27/2022,($23.47),"DEBITCARD: Clothing Store","","Shopping",$19051.17,"",
"0001112223","CK",9/28/2022,($194.82),"DEBITCARD: Grocery Store","","Groceries",$18856.35,"",
"0001112223","CK",9/29/2022,($37.31),"DEBITCARD: Gas Station","","Gas / Fuel",$18819.04,"",
"0001112223","CK",9/30/2022,($12.01),"DEBITCARD: Pet Supplies","","Pets",$18807.03,"",
"0001112223","CK",10/1/2022,$3800.00,"ACH:VISTA TECH PAYROLL","","Misc. Income",$22607.03,"",
"0001112223","CK",10/1/2022,($2189.00),"ACH:Redwood Grove RENT","","Mortgage / Rent",$20418.03,"",
"0001112223","CK",10/2/2022,($245.00),"ACH:HEALTH INSURANCE","","Insurance",$20173.03,"",
"0001112223","CK",10/2/2022,($52.09),"DEBITCARD: Hardware Store","","Home",$20120.94,"",
"0001112223","CK",10/2/2022,($10.78),"DEBITCARD: Streaming Add-on","","Entertainment",$20110.16,"",
"0001112223","CK",10/4/2022,($27.33),"DEBITCARD: Books","","Shopping",$20082.83,"",
"0001112223","CK",10/5/2022,($42.71),"DEBITCARD: Pharmacy","","Health",$20040.12,"",
"0001112223","CK",10/6/2022,($425.00),"ACH:AUTO LOAN PAYMENT","","Auto & Transport",$19615.12,"budgeteer:goal=Auto Loan Down-payment",
"0001112223","CK",10/6/2022,($79.99),"ACH:ISP INTERNET BILL","","Internet",$19535.13,"",
"0001112223","CK",10/6/2022,($16.24),"DEBITCARD: Ride Share","","Auto & Transport",$19518.89,"",
"0001112223","CK",10/6/2022,($13.45),"DEBITCARD: Ride Share","","Auto & Transport",$19505.44,"",
"0001112223","CK",10/6/2022,($50.53),"DEBITCARD: Pet Supplies","","Pets",$19454.91,"",
"0001112223","CK",10/8/2022,$923.88,"ACH:MOONLIGHT GIG","","Misc. Income",$20378.79,"Side work",
"0001112223","CK",10/8/2022,($43.04),"DEBITCARD: Pharmacy","","Health",$20335.75,"",
"0001112223","CK",10/8/2022,($9.59),"DEBITCARD: Streaming Add-on","","Entertainment",$20326.16,"",
"0001112223","CK",10/9/2022,($39.99),"ACH:GYM MEMBERSHIP","","Health",$20286.17,"",
"0001112223","CK",10/9/2022,($19.99),"ACH:STREAMING SUBSCRIPTION","","Entertainment",$20266.18,"",
"0001112223","CK",10/9/2022,($69.14),"DEBITCARD: Grocery Store","","Groceries",$20197.04,"",
"0001112223","CK",10/10/2022,($42.10),"DEBITCARD: Pet Supplies","","Pets",$20154.94,"",
"0001112223","CK",10/10/2022,($64.52),"DEBITCARD: Event Tickets","","Entertainment",$20090.42,"",
"0001112223","CK",10/11/2022,($68.00),"ACH:MOBILE PHONE","","Utilities",$20022.42,"",
"0001112223","CK",10/13/2022,($210.00),"ACH:STUDENT LOAN SERVICER","","Loans",$19812.42,"",
"0001112223","CK",10/13/2022,($120.05),"ACH:ELECTRIC BILL","","Utilities",$19692.37,"",
"0001112223","CK",10/13/2022,($27.68),"DEBITCARD: Hardware Store","","Home",$19664.69,"",
"0001112223","CK",10/13/2022,($49.89),"DEBITCARD: Pharmacy","","Health",$19614.80,"",
"0001112223","CK",10/13/2022,($27.48),"DEBITCARD: Pharmacy","","Health",$19587.32,"",
"0001112223","CK",10/14/2022,($36.58),"DEBITCARD: Gas Station","","Gas / Fuel",$19550.74,"",
"0001112223","CK",10/14/2022,($32.59),"DEBITCARD: Books","","Shopping",$19518.15,"",
"0001112223","CK",10/15/2022,$3800.00,"ACH:VISTA TECH PAYROLL","","Misc. Income",$23318.15,"",
"0001112223","CK",10/15/2022,($64.30),"DEBITCARD: Gas Station","","Gas / Fuel",$23253.85,"",
"0001112223","CK",10/16/2022,($750.00),"Web Branch:TFR TO SV 0001112223","","Transfer",$22503.85,"budgeteer:apply=savings",
"0001112223","CK",10/17/2022,($15.60),"DEBITCARD: Ride Share","","Auto & Transport",$22488.25,"",
"0001112223","CK",10/17/2022,($75.34),"DEBITCARD: Gas Station","","Gas / Fuel",$22412.91,"",
"0001112223","CK",10/18/2022,($57.44),"DEBITCARD: Pharmacy","","Health",$22355.47,"",
"0001112223","CK",10/21/2022,($38.81),"ACH:WATER BILL","","Utilities",$22316.66,"",
"0001112223","CK",10/21/2022,($7.61),"DEBITCARD: Coffee Shop","","Food & Drink",$22309.05,"",
"0001112223","CK",10/22/2022,($31.27),"DEBITCARD: Pharmacy","","Health",$22277.78,"",
"0001112223","CK",10/23/2022,($14.35),"DEBITCARD: Ride Share","","Auto & Transport",$22263.43,"",
"0001112223","CK",10/24/2022,($57.75),"DEBITCARD: Hardware Store","","Home",$22205.68,"",
"0001112223","CK",10/25/2022,($1362.57),"ACH:CREDIT CARD PAYMENT","","Credit Card",$20843.11,"",
"0001112223","CK",10/25/2022,$388.07,"ACH:MOONLIGHT GIG","","Misc. Income",$21231.18,"Side work",
"0001112223","CK",10/26/2022,($34.36),"DEBITCARD: Restaurant","","Food & Drink",$21196.82,"",
"0001112223","CK",10/26/2022,($79.73),"DEBITCARD: Clothing Store","","Shopping",$21117.09,"",
"0001112223","CK",10/27/2022,($4.37),"DEBITCARD: Coffee Shop","","Food & Drink",$21112.72,"",
"0001112223","CK",10/29/2022,($52.30),"DEBITCARD: Hardware Store","","Home",$21060.42,"",
"0001112223","CK",10/30/2022,($6.87),"DEBITCARD: Streaming Add-on","","Entertainment",$21053.55,"",
"0001112223","CK",10/30/2022,($30.76),"DEBITCARD: Books","","Shopping",$21022.79,"",
"0001112223","CK",10/31/2022,($22.47),"DEBITCARD: Ride Share","","Auto & Transport",$21000.32,"",
"0001112223","CK",10/31/2022,($24.81),"DEBITCARD: Books","","Shopping",$20975.51,"",
"0001112223","CK",10/31/2022,($43.96),"DEBITCARD: Gas Station","","Gas / Fuel",$20931.55,"",
"0001112223","CK",11/1/2022,$3800.00,"ACH:VISTA TECH PAYROLL","","Misc. Income",$24731.55,"",
"0001112223","CK",11/1/2022,($2189.00),"ACH:Redwood Grove RENT","","Mortgage / Rent",$22542.55,"",
"0001112223","CK",11/1/2022,($14.55),"DEBITCARD: Books","","Shopping",$22528.00,"",
"0001112223","CK",11/2/2022,($8.69),"DEBITCARD: Streaming Add-on","","Entertainment",$22519.31,"",
"0001112223","CK",11/3/2022,($245.00),"ACH:HEALTH INSURANCE","","Insurance",$22274.31,"",
"0001112223","CK",11/3/2022,($193.91),"DEBITCARD: Grocery Store","","Groceries",$22080.40,"",
"0001112223","CK",11/3/2022,($77.92),"DEBITCARD: Hardware Store","","Home",$22002.48,"",
"0001112223","CK",11/4/2022,($4.57),"DEBITCARD: Coffee Shop","","Food & Drink",$21997.91,"",
"0001112223","CK",11/4/2022,($31.06),"DEBITCARD: Pharmacy","","Health",$21966.85,"",
"0001112223","CK",11/5/2022,($425.00),"ACH:AUTO LOAN PAYMENT","","Auto & Transport",$21541.85,"budgeteer:goal=Auto Loan Down-payment",
"0001112223","CK",11/5/2022,($187.53),"DEBITCARD: Grocery Store","","Groceries",$21354.32,"",
"0001112223","CK",11/6/2022,($79.99),"ACH:ISP INTERNET BILL","","Internet",$21274.33,"",
"0001112223","CK",11/7/2022,($35.27),"DEBITCARD: Pharmacy","","Health",$21239.06,"",
"0001112223","CK",11/8/2022,($19.99),"ACH:STREAMING SUBSCRIPTION","","Entertainment",$21219.07,"",
"0001112223","CK",11/8/2022,($24.65),"DEBITCARD: Ride Share","","Auto & Transport",$21194.42,"",
"0001112223","CK",11/9/2022,($39.99),"ACH:GYM MEMBERSHIP","","Health",$21154.43,"",
"0001112223","CK",11/9/2022,($68.00),"ACH:MOBILE PHONE","","Utilities",$21086.43,"",
"0001112223","CK",11/9/2022,$268.14,"ACH:MOONLIGHT GIG","","Misc. Income",$21354.57,"Side work",
"0001112223","CK",11/9/2022,($39.05),"DEBITCARD: Pet Supplies","","Pets",$21315.52,"",
"0001112223","CK",11/9/2022,($58.24),"DEBITCARD: Grocery Store","","Groceries",$21257.28,"",
"0001112223","CK",11/9/2022,($24.59),"DEBITCARD: Hardware Store","","Home",$21232.69,"",
"0001112223","CK",11/10/2022,($22.62),"DEBITCARD: Ride Share","","Auto & Transport",$21210.07,"",
"0001112223","CK",11/10/2022,($9.03),"DEBITCARD: Streaming Add-on","","Entertainment",$21201.04,"",
"0001112223","CK",11/10/2022,($78.77),"DEBITCARD: Hardware Store","","Home",$21122.27,"",
"0001112223","CK",11/11/2022,($33.55),"DEBITCARD: Gas Station","","Gas / Fuel",$21088.72,"",
"0001112223","CK",11/12/2022,($210.00),"ACH:STUDENT LOAN SERVICER","","Loans",$20878.72,"",
"0001112223","CK",11/12/2022,($135.56),"ACH:ELECTRIC BILL","","Utilities",$20743.16,"",
"0001112223","CK",11/12/2022,($16.04),"DEBITCARD: Restaurant","","Food & Drink",$20727.12,"",
"0001112223","CK",11/12/2022,($39.43),"DEBITCARD: Clothing Store","","Shopping",$20687.69,"",
"0001112223","CK",11/12/2022,($109.86),"DEBITCARD: Clothing Store","","Shopping",$20577.83,"",
"0001112223","CK",11/13/2022,($97.27),"DEBITCARD: Clothing Store","","Shopping",$20480.56,"",
"0001112223","CK",11/13/2022,($22.12),"DEBITCARD: Pet Supplies","","Pets",$20458.44,"",
"0001112223","CK",11/14/2022,($153.44),"DEBITCARD: Grocery Store","","Groceries",$20305.00,"",
"0001112223","CK",11/15/2022,$3800.00,"ACH:VISTA TECH PAYROLL","","Misc. Income",$24105.00,"",
"0001112223","CK",11/15/2022,($750.00),"Web Branch:TFR TO SV 0001112223","","Transfer",$23355.00,"budgeteer:apply=savings",
"0001112223","CK",11/15/2022,($18.71),"DEBITCARD: Restaurant","","Food & Drink",$23336.29,"",
"0001112223","CK",11/16/2022,($70.99),"DEBITCARD: Gas Station","","Gas / Fuel",$23265.30,"",
"0001112223","CK",11/16/2022,($11.67),"DEBITCARD: Streaming Add-on","","Entertainment",$23253.63,"",
"0001112223","CK",11/20/2022,($47.96),"ACH:WATER BILL","","Utilities",$23205.67,"",
"0001112223","CK",11/20/2022,($43.60),"DEBITCARD: Restaurant","","Food & Drink",$23162.07,"",
"0001112223","CK",11/22/2022,($212.28),"DEBITCARD: Event Tickets","","Entertainment",$22949.79,"",
"0001112223","CK",11/24/2022,($60.41),"DEBITCARD: Hardware Store","","Home",$22889.38,"",
"0001112223","CK",11/25/2022,($130.12),"DEBITCARD: Clothing Store","","Shopping",$22759.26,"",
"0001112223","CK",11/26/2022,($8.38),"DEBITCARD: Ride Share","","Auto & Transport",$22750.88,"",
"0001112223","CK",11/27/2022,($1012.49),"ACH:CREDIT CARD PAYMENT","","Credit Card",$21738.39,"",
"0001112223","CK",11/28/2022,($4.90),"DEBITCARD: Coffee Shop","","Food & Drink",$21733.49,"",
"0001112223","CK",11/28/2022,($39.37),"DEBITCARD: Gas Station","","Gas / Fuel",$21694.12,"",
"0001112223","CK",11/29/2022,($8.64),"DEBITCARD: Books","","Shopping",$21685.48,"",
"0001112223","CK",11/30/2022,($8.94),"DEBITCARD: Streaming Add-on","","Entertainment",$21676.54,"",
"0001112223","CK",11/30/2022,($54.55),"DEBITCARD: Pet Supplies","","Pets",$21621.99,"",
"0001112223","CK",12/1/2022,$3800.00,"ACH:VISTA TECH PAYROLL","","Misc. Income",$25421.99,"",
"0001112223","CK",12/1/2022,($2189.00),"ACH:Redwood Grove RENT","","Mortgage / Rent",$23232.99,"",
"0001112223","CK",12/1/2022,($245.00),"ACH:HEALTH INSURANCE","","Insurance",$22987.99,"",
"0001112223","CK",12/1/2022,($114.81),"DEBITCARD: Clothing Store","","Shopping",$22873.18,"",
"0001112223","CK",12/4/2022,($425.00),"ACH:AUTO LOAN PAYMENT","","Auto & Transport",$22448.18,"budgeteer:goal=Auto Loan Down-payment",
"0001112223","CK",12/6/2022,($79.99),"ACH:ISP INTERNET BILL","","Internet",$22368.19,"",
"0001112223","CK",12/6/2022,($24.72),"DEBITCARD: Ride Share","","Auto & Transport",$22343.47,"",
"0001112223","CK",12/7/2022,($39.99),"ACH:GYM MEMBERSHIP","","Health",$22303.48,"",
"0001112223","CK",12/8/2022,($14.67),"DEBITCARD: Pet Supplies","","Pets",$22288.81,"",
"0001112223","CK",12/8/2022,($13.92),"DEBITCARD: Ride Share","","Auto & Transport",$22274.89,"",
"0001112223","CK",12/8/2022,($52.51),"DEBITCARD: Clothing Store","","Shopping",$22222.38,"",
"0001112223","CK",12/9/2022,($40.22),"DEBITCARD: Pet Supplies","","Pets",$22182.16,"",
"0001112223","CK",12/10/2022,($19.99),"ACH:STREAMING SUBSCRIPTION","","Entertainment",$22162.17,"",
"0001112223","CK",12/10/2022,$432.39,"ACH:MOONLIGHT GIG","","Misc. Income",$22594.56,"Side work",
"0001112223","CK",12/10/2022,($28.61),"DEBITCARD: Hardware Store","","Home",$22565.95,"",
"0001112223","CK",12/11/2022,($68.00),"ACH:MOBILE PHONE","","Utilities",$22497.95,"",
"0001112223","CK",12/11/2022,($210.00),"ACH:STUDENT LOAN SERVICER","","Loans",$22287.95,"",
"0001112223","CK",12/11/2022,($186.06),"ACH:ELECTRIC BILL","","Utilities",$22101.89,"",
"0001112223","CK",12/11/2022,($22.51),"DEBITCARD: Books","","Shopping",$22079.38,"",
"0001112223","CK",12/12/2022,($32.37),"DEBITCARD: Pharmacy","","Health",$22047.01,"",
"0001112223","CK",12/13/2022,($45.60),"DEBITCARD: Restaurant","","Food & Drink",$22001.41,"",
"0001112223","CK",12/13/2022,($4.94),"DEBITCARD: Coffee Shop","","Food & Drink",$21996.47,"",
"0001112223","CK",12/14/2022,($18.13),"DEBITCARD: Hardware Store","","Home",$21978.34,"",
"0001112223","CK",12/14/2022,($110.10),"DEBITCARD: Clothing Store","","Shopping",$21868.24,"",
"0001112223","CK",12/15/2022,$3800.00,"ACH:VISTA TECH PAYROLL","","Misc. Income",$25668.24,"",
"0001112223","CK",12/15/2022,($750.00),"Web Branch:TFR TO SV 0001112223","","Transfer",$24918.24,"budgeteer:apply=savings",
"0001112223","CK",12/15/2022,($25.73),"DEBITCARD: Books","","Shopping",$24892.51,"",
"0001112223","CK",12/15/2022,($7.90),"DEBITCARD: Streaming Add-on","","Entertainment",$24884.61,"",
"0001112223","CK",12/16/2022,($43.80),"DEBITCARD: Pharmacy","","Health",$24840.81,"",
"0001112223","CK",12/16/2022,($8.93),"DEBITCARD: Pharmacy","","Health",$24831.88,"",
"0001112223","CK",12/16/2022,($5.66),"DEBITCARD: Coffee Shop","","Food & Drink",$24826.22,"",
"0001112223","CK",12/17/2022,($8.07),"DEBITCARD: Streaming Add-on","","Entertainment",$24818.15,"",
"0001112223","CK",12/18/2022,($71.04),"DEBITCARD: Clothing Store","","Shopping",$24747.11,"",
"0001112223","CK",12/19/2022,($61.92),"DEBITCARD: Gas Station","","Gas / Fuel",$24685.19,"",
"0001112223","CK",12/19/2022,($59.47),"DEBITCARD: Gas Station","","Gas / Fuel",$24625.72,"",
"0001112223","CK",12/20/2022,($44.11),"ACH:WATER BILL","","Utilities",$24581.61,"",
"0001112223","CK",12/20/2022,($59.06),"DEBITCARD: Hardware Store","","Home",$24522.55,"",
"0001112223","CK",12/20/2022,($63.56),"DEBITCARD: Hardware Store","","Home",$24458.99,"",
"0001112223","CK",12/21/2022,$480.27,"ACH:MOONLIGHT GIG","","Misc. Income",$24939.26,"Side work",
"0001112223","CK",12/21/2022,$5.32,"DIVIDEND PAYMENT","","Misc. Income",$24944.58,"",
"0001112223","CK",12/21/2022,($7.15),"DEBITCARD: Ride Share","","Auto & Transport",$24937.43,"",
"0001112223","CK",12/22/2022,($44.57),"DEBITCARD: Restaurant","","Food & Drink",$24892.86,"",
"0001112223","CK",12/22/2022,($65.72),"DEBITCARD: Event Tickets","","Entertainment",$24827.14,"",
"0001112223","CK",12/22/2022,($30.59),"DEBITCARD: Hardware Store","","Home",$24796.55,"",
"0001112223","CK",12/22/2022,($24.56),"DEBITCARD: Books","","Shopping",$24771.99,"",
"0001112223","CK",12/23/2022,($662.42),"ACH:CREDIT CARD PAYMENT","","Credit Card",$24109.57,"",
"0001112223","CK",12/23/2022,($426.06),"DEBITCARD: Gifts","","Gifts",$23683.51,"",
"0001112223","CK",12/23/2022,($34.54),"DEBITCARD: Restaurant","","Food & Drink",$23648.97,"",
"0001112223","CK",12/30/2022,($5.36),"DEBITCARD: Streaming Add-on","","Entertainment",$23643.61,"",
"0001112223","CK",12/30/2022,($6.33),"DEBITCARD: Streaming Add-on","","Entertainment",$23637.28,"",
"0001112223","CK",1/1/2023,$3950.00,"ACH:VISTA TECH PAYROLL","","Misc. Income",$27587.28,"",
"0001112223","CK",1/1/2023,($2189.00),"ACH:Redwood Grove RENT","","Mortgage / Rent",$25398.28,"",
"0001112223","CK",1/1/2023,($50.88),"DEBITCARD: Clothing Store","","Shopping",$25347.40,"",
"0001112223","CK",1/3/2023,($245.00),"ACH:HEALTH INSURANCE","","Insurance",$25102.40,"",
"0001112223","CK",1/3/2023,($11.50),"DEBITCARD: Streaming Add-on","","Entertainment",$25090.90,"",
"0001112223","CK",1/3/2023,($32.09),"DEBITCARD: Hardware Store","","Home",$25058.81,"",
"0001112223","CK",1/4/2023,($63.48),"DEBITCARD: Pharmacy","","Health",$24995.33,"",
"0001112223","CK",1/4/2023,($45.62),"DEBITCARD: Gas Station","","Gas / Fuel",$24949.71,"",
"0001112223","CK",1/5/2023,($131.25),"DEBITCARD: Grocery Store","","Groceries",$24818.46,"",
"0001112223","CK",1/6/2023,($425.00),"ACH:AUTO LOAN PAYMENT","","Auto & Transport",$24393.46,"budgeteer:goal=Auto Loan Down-payment",
"0001112223","CK",1/6/2023,($79.99),"ACH:ISP INTERNET BILL","","Internet",$24313.47,"",
"0001112223","CK",1/6/2023,($162.25),"DEBITCARD: Event Tickets","","Entertainment",$24151.22,"",
"0001112223","CK",1/6/2023,($142.13),"DEBITCARD: Event Tickets","","Entertainment",$24009.09,"",
"0001112223","CK",1/7/2023,($39.99),"ACH:GYM MEMBERSHIP","","Health",$23969.10,"",
"0001112223","CK",1/7/2023,($60.99),"DEBITCARD: Gas Station","","Gas / Fuel",$23908.11,"",
"0001112223","CK",1/8/2023,($65.99),"DEBITCARD: Clothing Store","","Shopping",$23842.12,"",
"0001112223","CK",1/9/2023,($19.99),"ACH:STREAMING SUBSCRIPTION","","Entertainment",$23822.13,"",
"0001112223","CK",1/9/2023,($68.00),"ACH:MOBILE PHONE","","Utilities",$23754.13,"",
"0001112223","CK",1/9/2023,($68.85),"DEBITCARD: Hardware Store","","Home",$23685.28,"",
"0001112223","CK",1/9/2023,($159.24),"DEBITCARD: Grocery Store","","Groceries",$23526.04,"",
"0001112223","CK",1/11/2023,$596.65,"ACH:MOONLIGHT GIG","","Misc. Income",$24122.69,"Side work",
"0001112223","CK",1/13/2023,($210.00),"ACH:STUDENT LOAN SERVICER","","Loans",$23912.69,"",
"0001112223","CK",1/14/2023,($52.37),"DEBITCARD: Pharmacy","","Health",$23860.32,"",
"0001112223","CK",1/15/2023,$3800.00,"ACH:VISTA TECH PAYROLL","","Misc. Income",$27660.32,"",
"0001112223","CK",1/15/2023,($161.56),"ACH:ELECTRIC BILL","","Utilities",$27498.76,"",
"0001112223","CK",1/15/2023,($45.55),"DEBITCARD: Clothing Store","","Shopping",$27453.21,"",
"0001112223","CK",1/15/2023,($9.90),"DEBITCARD: Streaming Add-on","","Entertainment",$27443.31,"",
"0001112223","CK",1/15/2023,($23.37),"DEBITCARD: Books","","Shopping",$27419.94,"",
"0001112223","CK",1/16/2023,($60.55),"DEBITCARD: Gas Station","","Gas / Fuel",$27359.39,"",
"0001112223","CK",1/17/2023,($750.00),"Web Branch:TFR TO SV 0001112223","","Transfer",$26609.39,"budgeteer:apply=savings",
"0001112223","CK",1/17/2023,($22.90),"DEBITCARD: Ride Share","","Auto & Transport",$26586.49,"",
"0001112223","CK",1/19/2023,($11.50),"DEBITCARD: Ride Share","","Auto & Transport",$26574.99,"",
"0001112223","CK",1/19/2023,($128.60),"DEBITCARD: Grocery Store","","Groceries",$26446.39,"",
"0001112223","CK",1/20/2023,($132.36),"DEBITCARD: Clothing Store","","Shopping",$26314.03,"",
"0001112223","CK",1/20/2023,($29.93),"DEBITCARD: Books","","Shopping",$26284.10,"",
"0001112223","CK",1/21/2023,($10.41),"DEBITCARD: Streaming Add-on","","Entertainment",$26273.69,"",
"0001112223","CK",1/21/2023,($116.25),"DEBITCARD: Grocery Store","","Groceries",$26157.44,"",
"0001112223","CK",1/24/2023,($40.26),"ACH:WATER BILL","","Utilities",$26117.18,"",
"0001112223","CK",1/24/2023,($44.79),"DEBITCARD: Gas Station","","Gas / Fuel",$26072.39,"",
"0001112223","CK",1/24/2023,($45.74),"DEBITCARD: Pet Supplies","","Pets",$26026.65,"",
"0001112223","CK",1/25/2023,($1512.35),"ACH:CREDIT CARD PAYMENT","","Credit Card",$24514.30,"",
"0001112223","CK",1/26/2023,$3.69,"DIVIDEND PAYMENT","","Misc. Income",$24517.99,"",
"0001112223","CK",1/26/2023,($21.69),"DEBITCARD: Ride Share","","Auto & Transport",$24496.30,"",
"0001112223","CK",1/27/2023,($98.39),"DEBITCARD: Grocery Store","","Groceries",$24397.91,"",
"0001112223","CK",1/27/2023,($8.42),"DEBITCARD: Pharmacy","","Health",$24389.49,"",
"0001112223","CK",1/28/2023,($13.46),"DEBITCARD: Pet Supplies","","Pets",$24376.03,"",
"0001112223","CK",1/28/2023,($211.26),"DEBITCARD: Event Tickets","","Entertainment",$24164.77,"",
"0001112223","CK",1/30/2023,($48.55),"DEBITCARD: Restaurant","","Food & Drink",$24116.22,"",
"0001112223","CK",1/31/2023,($32.03),"DEBITCARD: Books","","Shopping",$24084.19,"",
"0001112223","CK",1/31/2023,($26.96),"DEBITCARD: Hardware Store","","Home",$24057.23,"",
"0001112223","CK",2/1/2023,$3800.00,"ACH:VISTA TECH PAYROLL","","Misc. Income",$27857.23,"",
"0001112223","CK",2/1/2023,($2189.00),"ACH:Redwood Grove RENT","","Mortgage / Rent",$25668.23,"",
"0001112223","CK",2/1/2023,($245.00),"ACH:HEALTH INSURANCE","","Insurance",$25423.23,"",
"0001112223","CK",2/1/2023,($15.83),"DEBITCARD: Books","","Shopping",$25407.40,"",
"0001112223","CK",2/1/2023,($114.18),"DEBITCARD: Clothing Store","","Shopping",$25293.22,"",
"0001112223","CK",2/1/2023,($35.66),"DEBITCARD: Pet Supplies","","Pets",$25257.56,"",
"0001112223","CK",2/3/2023,($68.77),"DEBITCARD: Grocery Store","","Groceries",$25188.79,"",
"0001112223","CK",2/4/2023,($4.88),"DEBITCARD: Coffee Shop","","Food & Drink",$25183.91,"",
"0001112223","CK",2/5/2023,($425.00),"ACH:AUTO LOAN PAYMENT","","Auto & Transport",$24758.91,"budgeteer:goal=Auto Loan Down-payment",
"0001112223","CK",2/5/2023,($44.83),"DEBITCARD: Pharmacy","","Health",$24714.08,"",
"0001112223","CK",2/6/2023,($79.99),"ACH:ISP INTERNET BILL","","Internet",$24634.09,"",
"0001112223","CK",2/7/2023,($108.03),"DEBITCARD: Event Tickets","","Entertainment",$24526.06,"",
"0001112223","CK",2/8/2023,($39.99),"ACH:GYM MEMBERSHIP","","Health",$24486.07,"",
"0001112223","CK",2/8/2023,($19.99),"ACH:STREAMING SUBSCRIPTION","","Entertainment",$24466.08,"",
"0001112223","CK",2/8/2023,($3.44),"DEBITCARD: Coffee Shop","","Food & Drink",$24462.64,"",
"0001112223","CK",2/9/2023,($45.65),"DEBITCARD: Pet Supplies","","Pets",$24416.99,"",
"0001112223","CK",2/10/2023,($68.00),"ACH:MOBILE PHONE","","Utilities",$24348.99,"",
"0001112223","CK",2/10/2023,($48.32),"DEBITCARD: Gas Station","","Gas / Fuel",$24300.67,"",
"0001112223","CK",2/10/2023,($26.16),"DEBITCARD: Books","","Shopping",$24274.51,"",
"0001112223","CK",2/10/2023,($22.95),"DEBITCARD: Ride Share","","Auto & Transport",$24251.56,"",
"0001112223","CK",2/10/2023,($174.73),"DEBITCARD: Grocery Store","","Groceries",$24076.83,"",
"0001112223","CK",2/11/2023,($84.04),"DEBITCARD: Clothing Store","","Shopping",$23992.79,"",
"0001112223","CK",2/11/2023,($59.15),"DEBITCARD: Event Tickets","","Entertainment",$23933.64,"",
"0001112223","CK",2/12/2023,$760.90,"ACH:MOONLIGHT GIG","","Misc. Income",$24694.54,"Side work",
"0001112223","CK",2/12/2023,($29.91),"DEBITCARD: Pet Supplies","","Pets",$24664.63,"",
"0001112223","CK",2/13/2023,($210.00),"ACH:STUDENT LOAN SERVICER","","Loans",$24454.63,"",
"0001112223","CK",2/13/2023,($8.21),"DEBITCARD: Coffee Shop","","Food & Drink",$24446.42,"",
"0001112223","CK",2/13/2023,($62.06),"DEBITCARD: Clothing Store","","Shopping",$24384.36,"",
"0001112223","CK",2/13/2023,($152.89),"DEBITCARD: Grocery Store","","Groceries",$24231.47,"",
"0001112223","CK",2/14/2023,($177.06),"ACH:ELECTRIC BILL","","Utilities",$24054.41,"",
"0001112223","CK",2/14/2023,($12.88),"DEBITCARD: Ride Share","","Auto & Transport",$24041.53,"",
"0001112223","CK",2/15/2023,$3800.00,"ACH:VISTA TECH PAYROLL","","Misc. Income",$27841.53,"",
"0001112223","CK",2/15/2023,($39.00),"DEBITCARD: Restaurant","","Food & Drink",$27802.53,"",
"0001112223","CK",2/15/2023,($60.20),"DEBITCARD: Gas Station","","Gas / Fuel",$27742.33,"",
"0001112223","CK",2/17/2023,($750.00),"Web Branch:TFR TO SV 0001112223","","Transfer",$26992.33,"budgeteer:apply=savings",
"0001112223","CK",2/17/2023,($61.35),"DEBITCARD: Event Tickets","","Entertainment",$26930.98,"",
"0001112223","CK",2/19/2023,($23.19),"DEBITCARD: Books","","Shopping",$26907.79,"",
"0001112223","CK",2/20/2023,($188.02),"DEBITCARD: Grocery Store","","Groceries",$26719.77,"",
"0001112223","CK",2/20/2023,($48.00),"DEBITCARD: Gas Station","","Gas / Fuel",$26671.77,"",
"0001112223","CK",2/21/2023,($195.04),"DEBITCARD: Grocery Store","","Groceries",$26476.73,"",
"0001112223","CK",2/21/2023,($33.78),"DEBITCARD: Pet Supplies","","Pets",$26442.95,"",
"0001112223","CK",2/23/2023,($49.40),"ACH:WATER BILL","","Utilities",$26393.55,"",
"0001112223","CK",2/23/2023,($8.01),"DEBITCARD: Coffee Shop","","Food & Drink",$26385.54,"",
"0001112223","CK",2/24/2023,($22.19),"DEBITCARD: Books","","Shopping",$26363.35,"",
"0001112223","CK",2/26/2023,($68.21),"DEBITCARD: Gas Station","","Gas / Fuel",$26295.14,"",
"0001112223","CK",2/26/2023,($65.07),"DEBITCARD: Gas Station","","Gas / Fuel",$26230.07,"",
"0001112223","CK",2/27/2023,($1162.27),"ACH:CREDIT CARD PAYMENT","","Credit Card",$25067.80,"",
"0001112223","CK",2/27/2023,($10.49),"DEBITCARD: Books","","Shopping",$25057.31,"",
"0001112223","CK",2/28/2023,($5.45),"DEBITCARD: Streaming Add-on","","Entertainment",$25051.86,"",
"0001112223","CK",2/28/2023,($173.83),"DEBITCARD: Grocery Store","","Groceries",$24878.03,"",
"0001112223","CK",3/1/2023,$3800.00,"ACH:VISTA TECH PAYROLL","","Misc. Income",$28678.03,"",
"0001112223","CK",3/1/2023,($2189.00),"ACH:Redwood Grove RENT","","Mortgage / Rent",$26489.03,"",
"0001112223","CK",3/2/2023,($55.96),"DEBITCARD: Pharmacy","","Health",$26433.07,"",
"0001112223","CK",3/2/2023,($10.96),"DEBITCARD: Streaming Add-on","","Entertainment",$26422.11,"",
"0001112223","CK",3/3/2023,($245.00),"ACH:HEALTH INSURANCE","","Insurance",$26177.11,"",
"0001112223","CK",3/3/2023,($34.88),"DEBITCARD: Clothing Store","","Shopping",$26142.23,"",
"0001112223","CK",3/4/2023,($425.00),"ACH:AUTO LOAN PAYMENT","","Auto & Transport",$25717.23,"budgeteer:goal=Auto Loan Down-payment",
"0001112223","CK",3/4/2023,($61.86),"DEBITCARD: Restaurant","","Food & Drink",$25655.37,"",
"0001112223","CK",3/4/2023,($19.44),"DEBITCARD: Hardware Store","","Home",$25635.93,"",
"0001112223","CK",3/4/2023,($13.68),"DEBITCARD: Books","","Shopping",$25622.25,"",
"0001112223","CK",3/4/2023,($67.77),"DEBITCARD: Gas Station","","Gas / Fuel",$25554.48,"",
"0001112223","CK",3/5/2023,($32.98),"DEBITCARD: Books","","Shopping",$25521.50,"",
"0001112223","CK",3/6/2023,$925.16,"ACH:MOONLIGHT GIG","","Misc. Income",$26446.66,"Side work",
"0001112223","CK",3/6/2023,($36.04),"DEBITCARD: Pet Supplies","","Pets",$26410.62,"",
"0001112223","CK",3/6/2023,($17.87),"DEBITCARD: Pet Supplies","","Pets",$26392.75,"",
"0001112223","CK",3/6/2023,($49.07),"DEBITCARD: Event Tickets","","Entertainment",$26343.68,"",
"0001112223","CK",3/7/2023,($79.99),"ACH:ISP INTERNET BILL","","Internet",$26263.69,"",
"0001112223","CK",3/7/2023,($49.03),"DEBITCARD: Gas Station","","Gas / Fuel",$26214.66,"",
"0001112223","CK",3/7/2023,($36.03),"DEBITCARD: Restaurant","","Food & Drink",$26178.63,"",
"0001112223","CK",3/8/2023,($39.99),"ACH:GYM MEMBERSHIP","","Health",$26138.64,"",
"0001112223","CK",3/8/2023,($40.51),"DEBITCARD: Pet Supplies","","Pets",$26098.13,"",
"0001112223","CK",3/9/2023,($68.00),"ACH:MOBILE PHONE","","Utilities",$26030.13,"",
"0001112223","CK",3/9/2023,($11.65),"DEBITCARD: Pharmacy","","Health",$26018.48,"",
"0001112223","CK",3/10/2023,($19.99),"ACH:STREAMING SUBSCRIPTION","","Entertainment",$25998.49,"",
"0001112223","CK",3/10/2023,($11.14),"DEBITCARD: Books","","Shopping",$25987.35,"",
"0001112223","CK",3/10/2023,($66.89),"DEBITCARD: Clothing Store","","Shopping",$25920.46,"",
"0001112223","CK",3/10/2023,($10.34),"DEBITCARD: Streaming Add-on","","Entertainment",$25910.12,"",
"0001112223","CK",3/12/2023,($210.00),"ACH:STUDENT LOAN SERVICER","","Loans",$25700.12,"",
"0001112223","CK",3/12/2023,($67.11),"DEBITCARD: Gas Station","","Gas / Fuel",$25633.01,"",
"0001112223","CK",3/14/2023,($117.56),"ACH:ELECTRIC BILL","","Utilities",$25515.45,"",
"0001112223","CK",3/14/2023,($25.79),"DEBITCARD: Ride Share","","Auto & Transport",$25489.66,"",
"0001112223","CK",3/14/2023,($201.73),"DEBITCARD: Event Tickets","","Entertainment",$25287.93,"",
"0001112223","CK",3/14/2023,($5.66),"DEBITCARD: Streaming Add-on","","Entertainment",$25282.27,"",
"0001112223","CK",3/15/2023,$3800.00,"ACH:VISTA TECH PAYROLL","","Misc. Income",$29082.27,"",
"0001112223","CK",3/16/2023,($750.00),"Web Branch:TFR TO SV 0001112223","","Transfer",$28332.27,"budgeteer:apply=savings",
"0001112223","CK",3/17/2023,($145.25),"DEBITCARD: Event Tickets","","Entertainment",$28187.02,"",
"0001112223","CK",3/19/2023,($5.05),"DEBITCARD: Streaming Add-on","","Entertainment",$28181.97,"",
"0001112223","CK",3/19/2023,($14.09),"DEBITCARD: Restaurant","","Food & Drink",$28167.88,"",
"0001112223","CK",3/22/2023,($47.72),"DEBITCARD: Gas Station","","Gas / Fuel",$28120.16,"",
"0001112223","CK",3/23/2023,($45.55),"ACH:WATER BILL","","Utilities",$28074.61,"",
"0001112223","CK",3/23/2023,($812.20),"ACH:CREDIT CARD PAYMENT","","Credit Card",$27262.41,"",
"0001112223","CK",3/23/2023,($21.09),"DEBITCARD: Books","","Shopping",$27241.32,"",
"0001112223","CK",3/23/2023,($53.28),"DEBITCARD: Clothing Store","","Shopping",$27188.04,"",
"0001112223","CK",3/24/2023,($47.57),"DEBITCARD: Restaurant","","Food & Drink",$27140.47,"",
"0001112223","CK",3/26/2023,($10.55),"DEBITCARD: Ride Share","","Auto & Transport",$27129.92,"",
"0001112223","CK",3/28/2023,($11.15),"DEBITCARD: Streaming Add-on","","Entertainment",$27118.77,"",
"0001112223","CK",3/29/2023,($19.69),"DEBITCARD: Ride Share","","Auto & Transport",$27099.08,"",
"0001112223","CK",3/29/2023,($9.41),"DEBITCARD: Coffee Shop","","Food & Drink",$27089.67,"",
"0001112223","CK",3/30/2023,($42.04),"DEBITCARD: Hardware Store","","Home",$27047.63,"",
"0001112223","CK",3/31/2023,($35.20),"DEBITCARD: Restaurant","","Food & Drink",$27012.43,"",
"0001112223","CK",4/1/2023,$3800.00,"ACH:VISTA TECH PAYROLL","","Misc. Income",$30812.43,"",
"0001112223","CK",4/1/2023,($2189.00),"ACH:Redwood Grove RENT","","Mortgage / Rent",$28623.43,"",
"0001112223","CK",4/1/2023,($245.00),"ACH:HEALTH INSURANCE","","Insurance",$28378.43,"",
"0001112223","CK",4/1/2023,($76.21),"DEBITCARD: Gas Station","","Gas / Fuel",$28302.22,"",
"0001112223","CK",4/1/2023,($9.63),"DEBITCARD: Streaming Add-on","","Entertainment",$28292.59,"",
"0001112223","CK",4/1/2023,($8.41),"DEBITCARD: Coffee Shop","","Food & Drink",$28284.18,"",
"0001112223","CK",4/3/2023,($34.38),"DEBITCARD: Gas Station","","Gas / Fuel",$28249.80,"",
"0001112223","CK",4/3/2023,($27.94),"DEBITCARD: Restaurant","","Food & Drink",$28221.86,"",
"0001112223","CK",4/6/2023,($425.00),"ACH:AUTO LOAN PAYMENT","","Auto & Transport",$27796.86,"budgeteer:goal=Auto Loan Down-payment",
"0001112223","CK",4/6/2023,($72.68),"DEBITCARD: Gas Station","","Gas / Fuel",$27724.18,"",
"0001112223","CK",4/6/2023,($58.27),"DEBITCARD: Gas Station","","Gas / Fuel",$27665.91,"",
"0001112223","CK",4/6/2023,($41.21),"DEBITCARD: Pharmacy","","Health",$27624.70,"",
"0001112223","CK",4/7/2023,($79.99),"ACH:ISP INTERNET BILL","","Internet",$27544.71,"",
"0001112223","CK",4/7/2023,($6.75),"DEBITCARD: Streaming Add-on","","Entertainment",$27537.96,"",
"0001112223","CK",4/7/2023,($128.24),"DEBITCARD: Event Tickets","","Entertainment",$27409.72,"",
"0001112223","CK",4/9/2023,($39.99),"ACH:GYM MEMBERSHIP","","Health",$27369.73,"",
"0001112223","CK",4/9/2023,($19.99),"ACH:STREAMING SUBSCRIPTION","","Entertainment",$27349.74,"",
"0001112223","CK",4/10/2023,($68.00),"ACH:MOBILE PHONE","","Utilities",$27281.74,"",
"0001112223","CK",4/10/2023,$2364.19,"US TREASURY TAX REFUND","","Misc. Income",$29645.93,"",
"0001112223","CK",4/10/2023,($20.71),"DEBITCARD: Ride Share","","Auto & Transport",$29625.22,"",
"0001112223","CK",4/10/2023,($39.65),"DEBITCARD: Restaurant","","Food & Drink",$29585.57,"",
"0001112223","CK",4/11/2023,($210.00),"ACH:STUDENT LOAN SERVICER","","Loans",$29375.57,"",
"0001112223","CK",4/13/2023,($133.07),"ACH:ELECTRIC BILL","","Utilities",$29242.50,"",
"0001112223","CK",4/13/2023,($10.08),"DEBITCARD: Streaming Add-on","","Entertainment",$29232.42,"",
"0001112223","CK",4/13/2023,($31.25),"DEBITCARD: Pet Supplies","","Pets",$29201.17,"",
"0001112223","CK",4/14/2023,($843.39),"DEBITCARD: Medical Bill","","Health",$28357.78,"",
"0001112223","CK",4/15/2023,$3800.00,"ACH:VISTA TECH PAYROLL","","Misc. Income",$32157.78,"",
"0001112223","CK",4/15/2023,($7.51),"DEBITCARD: Streaming Add-on","","Entertainment",$32150.27,"",
"0001112223","CK",4/16/2023,($750.00),"Web Branch:TFR TO SV 0001112223","","Transfer",$31400.27,"budgeteer:apply=savings",
"0001112223","CK",4/16/2023,($15.59),"DEBITCARD: Books","","Shopping",$31384.68,"",
"0001112223","CK",4/16/2023,($47.17),"DEBITCARD: Pet Supplies","","Pets",$31337.51,"",
"0001112223","CK",4/16/2023,($8.29),"DEBITCARD: Streaming Add-on","","Entertainment",$31329.22,"",
"0001112223","CK",4/18/2023,($133.06),"DEBITCARD: Event Tickets","","Entertainment",$31196.16,"",
"0001112223","CK",4/18/2023,($15.50),"DEBITCARD: Ride Share","","Auto & Transport",$31180.66,"",
"0001112223","CK",4/18/2023,($16.38),"DEBITCARD: Pharmacy","","Health",$31164.28,"",
"0001112223","CK",4/19/2023,($391.47),"DEBITCARD: Travel Booking","","Travel",$30772.81,"",
"0001112223","CK",4/21/2023,$9.22,"DIVIDEND PAYMENT","","Misc. Income",$30782.03,"",
"0001112223","CK",4/22/2023,($41.70),"ACH:WATER BILL","","Utilities",$30740.33,"",
"0001112223","CK",4/23/2023,($46.20),"DEBITCARD: Restaurant","","Food & Drink",$30694.13,"",
"0001112223","CK",4/24/2023,($201.70),"DEBITCARD: Grocery Store","","Groceries",$30492.43,"",
"0001112223","CK",4/24/2023,($61.75),"DEBITCARD: Hardware Store","","Home",$30430.68,"",
"0001112223","CK",4/24/2023,($28.60),"DEBITCARD: Hardware Store","","Home",$30402.08,"",
"0001112223","CK",4/24/2023,($14.60),"DEBITCARD: Ride Share","","Auto & Transport",$30387.48,"",
"0001112223","CK",4/24/2023,($12.41),"DEBITCARD: Restaurant","","Food & Drink",$30375.07,"",
"0001112223","CK",4/25/2023,($1662.13),"ACH:CREDIT CARD PAYMENT","","Credit Card",$28712.94,"",
"0001112223","CK",4/26/2023,($43.74),"DEBITCARD: Pharmacy","","Health",$28669.20,"",
"0001112223","CK",4/26/2023,($49.50),"DEBITCARD: Gas Station","","Gas / Fuel",$28619.70,"",
"0001112223","CK",4/26/2023,($33.71),"DEBITCARD: Pet Supplies","","Pets",$28585.99,"",
"0001112223","CK",4/28/2023,($11.22),"DEBITCARD: Streaming Add-on","","Entertainment",$28574.77,"",
"0001112223","CK",4/28/2023,($52.73),"DEBITCARD: Clothing Store","","Shopping",$28522.04,"",
"0001112223","CK",5/1/2023,$3800.00,"ACH:VISTA TECH PAYROLL","","Misc. Income",$32322.04,"",
"0001112223","CK",5/1/2023,($2189.00),"ACH:Redwood Grove RENT","","Mortgage / Rent",$30133.04,"",
"0001112223","CK",5/1/2023,($29.12),"DEBITCARD: Books","","Shopping",$30103.92,"",
"0001112223","CK",5/1/2023,($28.46),"DEBITCARD: Clothing Store","","Shopping",$30075.46,"",
"0001112223","CK",5/2/2023,($245.00),"ACH:HEALTH INSURANCE","","Insurance",$29830.46,"",
"0001112223","CK",5/3/2023,($11.90),"DEBITCARD: Streaming Add-on","","Entertainment",$29818.56,"",
"0001112223","CK",5/3/2023,($5.88),"DEBITCARD: Coffee Shop","","Food & Drink",$29812.68,"",
"0001112223","CK",5/3/2023,($146.57),"DEBITCARD: Grocery Store","","Groceries",$29666.11,"",
"0001112223","CK",5/4/2023,($6.08),"DEBITCARD: Coffee Shop","","Food & Drink",$29660.03,"",
"0001112223","CK",5/5/2023,($425.00),"ACH:AUTO LOAN PAYMENT","","Auto & Transport",$29235.03,"budgeteer:goal=Auto Loan Down-payment",
"0001112223","CK",5/7/2023,($79.99),"ACH:ISP INTERNET BILL","","Internet",$29155.04,"",
"0001112223","CK",5/7/2023,($25.13),"DEBITCARD: Books","","Shopping",$29129.91,"",
"0001112223","CK",5/7/2023,($149.61),"DEBITCARD: Grocery Store","","Groceries",$28980.30,"",
"0001112223","CK",5/8/2023,($75.12),"DEBITCARD: Event Tickets","","Entertainment",$28905.18,"",
"0001112223","CK",5/9/2023,($39.99),"ACH:GYM MEMBERSHIP","","Health",$28865.19,"",
"0001112223","CK",5/9/2023,($19.99),"ACH:STREAMING SUBSCRIPTION","","Entertainment",$28845.20,"",
"0001112223","CK",5/9/2023,($12.76),"DEBITCARD: Restaurant","","Food & Drink",$28832.44,"",
"0001112223","CK",5/9/2023,($13.70),"DEBITCARD: Ride Share","","Auto & Transport",$28818.74,"",
"0001112223","CK",5/10/2023,($6.78),"DEBITCARD: Streaming Add-on","","Entertainment",$28811.96,"",
"0001112223","CK",5/11/2023,($68.00),"ACH:MOBILE PHONE","","Utilities",$28743.96,"",
"0001112223","CK",5/12/2023,($148.57),"ACH:ELECTRIC BILL","","Utilities",$28595.39,"",
"0001112223","CK",5/12/2023,($11.36),"DEBITCARD: Streaming Add-on","","Entertainment",$28584.03,"",
"0001112223","CK",5/12/2023,($63.15),"DEBITCARD: Clothing Store","","Shopping",$28520.88,"",
"0001112223","CK",5/12/2023,($24.64),"DEBITCARD: Restaurant","","Food & Drink",$28496.24,"",
"0001112223","CK",5/13/2023,($210.00),"ACH:STUDENT LOAN SERVICER","","Loans",$28286.24,"",
"0001112223","CK",5/13/2023,($93.49),"DEBITCARD: Clothing Store","","Shopping",$28192.75,"",
"0001112223","CK",5/15/2023,$3800.00,"ACH:VISTA TECH PAYROLL","","Misc. Income",$31992.75,"",
"0001112223","CK",5/15/2023,($750.00),"Web Branch:TFR TO SV 0001112223","","Transfer",$31242.75,"budgeteer:apply=savings",
"0001112223","CK",5/15/2023,($43.11),"DEBITCARD: Hardware Store","","Home",$31199.64,"",
"0001112223","CK",5/16/2023,($37.05),"DEBITCARD: Clothing Store","","Shopping",$31162.59,"",
"0001112223","CK",5/17/2023,($17.54),"DEBITCARD: Ride Share","","Auto & Transport",$31145.05,"",
"0001112223","CK",5/19/2023,($8.80),"DEBITCARD: Books","","Shopping",$31136.25,"",
"0001112223","CK",5/19/2023,($9.15),"DEBITCARD: Streaming Add-on","","Entertainment",$31127.10,"",
"0001112223","CK",5/21/2023,($50.85),"ACH:WATER BILL","","Utilities",$31076.25,"",
"0001112223","CK",5/23/2023,$4.23,"DIVIDEND PAYMENT","","Misc. Income",$31080.48,"",
"0001112223","CK",5/23/2023,($72.99),"DEBITCARD: Hardware Store","","Home",$31007.49,"",
"0001112223","CK",5/23/2023,($44.52),"DEBITCARD: Gas Station","","Gas / Fuel",$30962.97,"",
"0001112223","CK",5/24/2023,($207.76),"DEBITCARD: Grocery Store","","Groceries",$30755.21,"",
"0001112223","CK",5/26/2023,($1312.05),"ACH:CREDIT CARD PAYMENT","","Credit Card",$29443.16,"",
"0001112223","CK",5/26/2023,($195.84),"DEBITCARD: Grocery Store","","Groceries",$29247.32,"",
"0001112223","CK",5/27/2023,($196.61),"DEBITCARD: Grocery Store","","Groceries",$29050.71,"",
"0001112223","CK",5/27/2023,($141.90),"DEBITCARD: Grocery Store","","Groceries",$28908.81,"",
"0001112223","CK",5/29/2023,($11.42),"DEBITCARD: Streaming Add-on","","Entertainment",$28897.39,"",
"0001112223","CK",5/29/2023,($49.06),"DEBITCARD: Gas Station","","Gas / Fuel",$28848.33,"",
"0001112223","CK",5/29/2023,($117.33),"DEBITCARD: Clothing Store","","Shopping",$28731.00,"",
"0001112223","CK",5/29/2023,($64.99),"DEBITCARD: Gas Station","","Gas / Fuel",$28666.01,"",
"0001112223","CK",5/30/2023,($10.91),"DEBITCARD: Streaming Add-on","","Entertainment",$28655.10,"",
"0001112223","CK",5/30/2023,($29.01),"DEBITCARD: Pharmacy","","Health",$28626.09,"",
"0001112223","CK",5/30/2023,($55.02),"DEBITCARD: Event Tickets","","Entertainment",$28571.07,"",
"0001112223","CK",5/31/2023,($5.20),"DEBITCARD: Coffee Shop","","Food & Drink",$28565.87,"",
"0001112223","CK",6/1/2023,$3800.00,"ACH:VISTA TECH PAYROLL","","Misc. Income",$32365.87,"",
"0001112223","CK",6/1/2023,($2189.00),"ACH:Redwood Grove RENT","","Mortgage / Rent",$30176.87,"",
"0001112223","CK",6/1/2023,($245.00),"ACH:HEALTH INSURANCE","","Insurance",$29931.87,"",
"0001112223","CK",6/1/2023,($122.17),"DEBITCARD: Event Tickets","","Entertainment",$29809.70,"",
"0001112223","CK",6/3/2023,($27.08),"DEBITCARD: Ride Share","","Auto & Transport",$29782.62,"",
"0001112223","CK",6/4/2023,($45.76),"DEBITCARD: Restaurant","","Food & Drink",$29736.86,"",
"0001112223","CK",6/5/2023,($425.00),"ACH:AUTO LOAN PAYMENT","","Auto & Transport",$29311.86,"budgeteer:goal=Auto Loan Down-payment",
"0001112223","CK",6/5/2023,($9.92),"DEBITCARD: Streaming Add-on","","Entertainment",$29301.94,"",
"0001112223","CK",6/6/2023,($12.72),"DEBITCARD: Pharmacy","","Health",$29289.22,"",
"0001112223","CK",6/7/2023,($79.99),"ACH:ISP INTERNET BILL","","Internet",$29209.23,"",
"0001112223","CK",6/7/2023,($39.99),"ACH:GYM MEMBERSHIP","","Health",$29169.24,"",
"0001112223","CK",6/7/2023,($5.27),"DEBITCARD: Streaming Add-on","","Entertainment",$29163.97,"",
"0001112223","CK",6/8/2023,($19.99),"ACH:STREAMING SUBSCRIPTION","","Entertainment",$29143.98,"",
"0001112223","CK",6/8/2023,($7.30),"DEBITCARD: Streaming Add-on","","Entertainment",$29136.68,"",
"0001112223","CK",6/8/2023,($23.35),"DEBITCARD: Pet Supplies","","Pets",$29113.33,"",
"0001112223","CK",6/9/2023,($286.03),"DEBITCARD: Medical Bill","","Health",$28827.30,"",
"0001112223","CK",6/9/2023,($175.85),"DEBITCARD: Grocery Store","","Groceries",$28651.45,"",
"0001112223","CK",6/10/2023,($68.00),"ACH:MOBILE PHONE","","Utilities",$28583.45,"",
"0001112223","CK",6/10/2023,($51.03),"DEBITCARD: Gas Station","","Gas / Fuel",$28532.42,"",
"0001112223","CK",6/10/2023,($103.90),"DEBITCARD: Clothing Store","","Shopping",$28428.52,"",
"0001112223","CK",6/10/2023,($26.44),"DEBITCARD: Books","","Shopping",$28402.08,"",
"0001112223","CK",6/10/2023,($6.90),"DEBITCARD: Coffee Shop","","Food & Drink",$28395.18,"",
"0001112223","CK",6/10/2023,($39.89),"DEBITCARD: Pet Supplies","","Pets",$28355.29,"",
"0001112223","CK",6/11/2023,($179.07),"ACH:ELECTRIC BILL","","Utilities",$28176.22,"",
"0001112223","CK",6/12/2023,($210.00),"ACH:STUDENT LOAN SERVICER","","Loans",$27966.22,"",
"0001112223","CK",6/13/2023,($37.68),"DEBITCARD: Gas Station","","Gas / Fuel",$27928.54,"",
"0001112223","CK",6/14/2023,($6.08),"DEBITCARD: Streaming Add-on","","Entertainment",$27922.46,"",
"0001112223","CK",6/15/2023,$3800.00,"ACH:VISTA TECH PAYROLL","","Misc. Income",$31722.46,"",
"0001112223","CK",6/16/2023,($8.51),"DEBITCARD: Coffee Shop","","Food & Drink",$31713.95,"",
"0001112223","CK",6/16/2023,($24.19),"DEBITCARD: Ride Share","","Auto & Transport",$31689.76,"",
"0001112223","CK",6/17/2023,($750.00),"Web Branch:TFR TO SV 0001112223","","Transfer",$30939.76,"budgeteer:apply=savings",
"0001112223","CK",6/17/2023,($36.13),"DEBITCARD: Pet Supplies","","Pets",$30903.63,"",
"0001112223","CK",6/18/2023,($82.39),"DEBITCARD: Clothing Store","","Shopping",$30821.24,"",
"0001112223","CK",6/18/2023,($25.74),"DEBITCARD: Ride Share","","Auto & Transport",$30795.50,"",
"0001112223","CK",6/19/2023,($135.86),"DEBITCARD: Clothing Store","","Shopping",$30659.64,"",
"0001112223","CK",6/20/2023,($70.24),"DEBITCARD: Gas Station","","Gas / Fuel",$30589.40,"",
"0001112223","CK",6/21/2023,($47.00),"ACH:WATER BILL","","Utilities",$30542.40,"",
"0001112223","CK",6/21/2023,($40.60),"DEBITCARD: Pharmacy","","Health",$30501.80,"",
"0001112223","CK",6/22/2023,($19.13),"DEBITCARD: Ride Share","","Auto & Transport",$30482.67,"",
"0001112223","CK",6/22/2023,($34.52),"DEBITCARD: Gas Station","","Gas / Fuel",$30448.15,"",
"0001112223","CK",6/23/2023,($961.98),"ACH:CREDIT CARD PAYMENT","","Credit Card",$29486.17,"",
"0001112223","CK",6/23/2023,($36.48),"DEBITCARD: Pharmacy","","Health",$29449.69,"",
"0001112223","CK",6/23/2023,($7.19),"DEBITCARD: Ride Share","","Auto & Transport",$29442.50,"",
"0001112223","CK",6/23/2023,($37.68),"DEBITCARD: Pet Supplies","","Pets",$29404.82,"",
"0001112223","CK",6/24/2023,($23.56),"DEBITCARD: Books","","Shopping",$29381.26,"",
"0001112223","CK",6/24/2023,($4.71),"DEBITCARD: Coffee Shop","","Food & Drink",$29376.55,"",
"0001112223","CK",6/25/2023,($41.24),"DEBITCARD: Hardware Store","","Home",$29335.31,"",
"0001112223","CK",6/26/2023,($101.82),"DEBITCARD: Grocery Store","","Groceries",$29233.49,"",
"0001112223","CK",6/29/2023,($169.12),"DEBITCARD: Grocery Store","","Groceries",$29064.37,"",
"0001112223","CK",6/30/2023,($49.91),"DEBITCARD: Pharmacy","","Health",$29014.46,"",
"0001112223","CK",7/1/2023,$3800.00,"ACH:VISTA TECH PAYROLL","","Misc. Income",$32814.46,"",
"0001112223","CK",7/1/2023,($2189.00),"ACH:Redwood Grove RENT","","Mortgage / Rent",$30625.46,"",
"0001112223","CK",7/1/2023,($64.49),"DEBITCARD: Event Tickets","","Entertainment",$30560.97,"",
"0001112223","CK",7/1/2023,($70.78),"DEBITCARD: Hardware Store","","Home",$30490.19,"",
"0001112223","CK",7/2/2023,($245.00),"ACH:HEALTH INSURANCE","","Insurance",$30245.19,"",
"0001112223","CK",7/2/2023,($60.51),"DEBITCARD: Restaurant","","Food & Drink",$30184.68,"",
"0001112223","CK",7/2/2023,($8.28),"DEBITCARD: Coffee Shop","","Food & Drink",$30176.40,"",
"0001112223","CK",7/2/2023,($16.76),"DEBITCARD: Pet Supplies","","Pets",$30159.64,"",
"0001112223","CK",7/3/2023,($41.19),"DEBITCARD: Restaurant","","Food & Drink",$30118.45,"",
"0001112223","CK",7/4/2023,($425.00),"ACH:AUTO LOAN PAYMENT","","Auto & Transport",$29693.45,"budgeteer:goal=Auto Loan Down-payment",
"0001112223","CK",7/6/2023,($165.23),"DEBITCARD: Event Tickets","","Entertainment",$29528.22,"",
"0001112223","CK",7/7/2023,($79.99),"ACH:ISP INTERNET BILL","","Internet",$29448.23,"",
"0001112223","CK",7/7/2023,($39.99),"ACH:GYM MEMBERSHIP","","Health",$29408.24,"",
"0001112223","CK",7/8/2023,($55.36),"DEBITCARD: Event Tickets","","Entertainment",$29352.88,"",
"0001112223","CK",7/8/2023,($54.98),"DEBITCARD: Pharmacy","","Health",$29297.90,"",
"0001112223","CK",7/9/2023,($81.31),"DEBITCARD: Grocery Store","","Groceries",$29216.59,"",
"0001112223","CK",7/9/2023,($17.29),"DEBITCARD: Books","","Shopping",$29199.30,"",
"0001112223","CK",7/9/2023,($7.36),"DEBITCARD: Streaming Add-on","","Entertainment",$29191.94,"",
"0001112223","CK",7/10/2023,($19.99),"ACH:STREAMING SUBSCRIPTION","","Entertainment",$29171.95,"",
"0001112223","CK",7/10/2023,($5.64),"DEBITCARD: Streaming Add-on","","Entertainment",$29166.31,"",
"0001112223","CK",7/10/2023,($4.17),"DEBITCARD: Coffee Shop","","Food & Drink",$29162.14,"",
"0001112223","CK",7/10/2023,($9.07),"DEBITCARD: Ride Share","","Auto & Transport",$29153.07,"",
"0001112223","CK",7/11/2023,($68.00),"ACH:MOBILE PHONE","","Utilities",$29085.07,"",
"0001112223","CK",7/11/2023,($210.00),"ACH:STUDENT LOAN SERVICER","","Loans",$28875.07,"",
"0001112223","CK",7/11/2023,($5.73),"DEBITCARD: Coffee Shop","","Food & Drink",$28869.34,"",
"0001112223","CK",7/11/2023,($63.69),"DEBITCARD: Pharmacy","","Health",$28805.65,"",
"0001112223","CK",7/11/2023,($21.92),"DEBITCARD: Restaurant","","Food & Drink",$28783.73,"",
"0001112223","CK",7/13/2023,($70.64),"DEBITCARD: Grocery Store","","Groceries",$28713.09,"",
"0001112223","CK",7/14/2023,($5.41),"DEBITCARD: Streaming Add-on","","Entertainment",$28707.68,"",
"0001112223","CK",7/14/2023,($20.37),"DEBITCARD: Restaurant","","Food & Drink",$28687.31,"",
"0001112223","CK",7/15/2023,$3800.00,"ACH:VISTA TECH PAYROLL","","Misc. Income",$32487.31,"",
"0001112223","CK",7/15/2023,($194.57),"ACH:ELECTRIC BILL","","Utilities",$32292.74,"",
"0001112223","CK",7/16/2023,($29.94),"DEBITCARD: Hardware Store","","Home",$32262.80,"",
"0001112223","CK",7/17/2023,($750.00),"Web Branch:TFR TO SV 0001112223","","Transfer",$31512.80,"budgeteer:apply=savings",
"0001112223","CK",7/18/2023,($23.99),"DEBITCARD: Pharmacy","","Health",$31488.81,"",
"0001112223","CK",7/19/2023,($36.57),"DEBITCARD: Pet Supplies","","Pets",$31452.24,"",
"0001112223","CK",7/20/2023,($43.15),"ACH:WATER BILL","","Utilities",$31409.09,"",
"0001112223","CK",7/21/2023,($55.90),"DEBITCARD: Event Tickets","","Entertainment",$31353.19,"",
"0001112223","CK",7/21/2023,($86.45),"DEBITCARD: Event Tickets","","Entertainment",$31266.74,"",
"0001112223","CK",7/23/2023,($13.44),"DEBITCARD: Restaurant","","Food & Drink",$31253.30,"",
"0001112223","CK",7/25/2023,($1811.91),"ACH:CREDIT CARD PAYMENT","","Credit Card",$29441.39,"",
"0001112223","CK",7/25/2023,($65.82),"DEBITCARD: Event Tickets","","Entertainment",$29375.57,"",
"0001112223","CK",7/25/2023,($59.67),"DEBITCARD: Pharmacy","","Health",$29315.90,"",
"0001112223","CK",7/26/2023,($92.57),"DEBITCARD: Event Tickets","","Entertainment",$29223.33,"",
"0001112223","CK",7/27/2023,($170.34),"DEBITCARD: Grocery Store","","Groceries",$29052.99,"",
"0001112223","CK",7/27/2023,($11.76),"DEBITCARD: Books","","Shopping",$29041.23,"",
"0001112223","CK",7/28/2023,($62.39),"DEBITCARD: Clothing Store","","Shopping",$28978.84,"",
"0001112223","CK",7/28/2023,($69.92),"DEBITCARD: Gas Station","","Gas / Fuel",$28908.92,"",
"0001112223","CK",7/29/2023,($37.24),"DEBITCARD: Pet Supplies","","Pets",$28871.68,"",
"0001112223","CK",7/30/2023,($49.65),"DEBITCARD: Gas Station","","Gas / Fuel",$28822.03,"",
"0001112223","CK",8/1/2023,$3800.00,"ACH:VISTA TECH PAYROLL","","Misc. Income",$32622.03,"",
"0001112223","CK",8/1/2023,($2189.00),"ACH:Redwood Grove RENT","","Mortgage / Rent",$30433.03,"",
"0001112223","CK",8/1/2023,($245.00),"ACH:HEALTH INSURANCE","","Insurance",$30188.03,"",
"0001112223","CK",8/1/2023,($9.37),"DEBITCARD: Streaming Add-on","","Entertainment",$30178.66,"",
"0001112223","CK",8/2/2023,($47.47),"DEBITCARD: Gas Station","","Gas / Fuel",$30131.19,"",
"0001112223","CK",8/2/2023,($142.21),"DEBITCARD: Grocery Store","","Groceries",$29988.98,"",
"0001112223","CK",8/2/2023,($25.93),"DEBITCARD: Books","","Shopping",$29963.05,"",
"0001112223","CK",8/3/2023,($25.68),"DEBITCARD: Ride Share","","Auto & Transport",$29937.37,"",
"0001112223","CK",8/3/2023,($43.19),"DEBITCARD: Pharmacy","","Health",$29894.18,"",
"0001112223","CK",8/4/2023,($38.38),"DEBITCARD: Pet Supplies","","Pets",$29855.80,"",
"0001112223","CK",8/4/2023,($39.06),"DEBITCARD: Hardware Store","","Home",$29816.74,"",
"0001112223","CK",8/4/2023,($40.56),"DEBITCARD: Gas Station","","Gas / Fuel",$29776.18,"",
"0001112223","CK",8/5/2023,($157.06),"DEBITCARD: Event Tickets","","Entertainment",$29619.12,"",
"0001112223","CK",8/5/2023,($59.82),"DEBITCARD: Restaurant","","Food & Drink",$29559.30,"",
"0001112223","CK",8/5/2023,($8.22),"DEBITCARD: Streaming Add-on","","Entertainment",$29551.08,"",
"0001112223","CK",8/6/2023,($425.00),"ACH:AUTO LOAN PAYMENT","","Auto & Transport",$29126.08,"budgeteer:goal=Auto Loan Down-payment",
"0001112223","CK",8/6/2023,($6.67),"DEBITCARD: Coffee Shop","","Food & Drink",$29119.41,"",
"0001112223","CK",8/7/2023,($79.99),"ACH:ISP INTERNET BILL","","Internet",$29039.42,"",
"0001112223","CK",8/7/2023,($39.99),"ACH:GYM MEMBERSHIP","","Health",$28999.43,"",
"0001112223","CK",8/7/2023,($47.10),"DEBITCARD: Restaurant","","Food & Drink",$28952.33,"",
"0001112223","CK",8/9/2023,($19.99),"ACH:STREAMING SUBSCRIPTION","","Entertainment",$28932.34,"",
"0001112223","CK",8/9/2023,($68.00),"ACH:MOBILE PHONE","","Utilities",$28864.34,"",
"0001112223","CK",8/10/2023,($10.57),"DEBITCARD: Streaming Add-on","","Entertainment",$28853.77,"",
"0001112223","CK",8/10/2023,($103.84),"DEBITCARD: Clothing Store","","Shopping",$28749.93,"",
"0001112223","CK",8/11/2023,($210.00),"ACH:STUDENT LOAN SERVICER","","Loans",$28539.93,"",
"0001112223","CK",8/11/2023,$926.44,"ACH:MOONLIGHT GIG","","Misc. Income",$29466.37,"Side work",
"0001112223","CK",8/11/2023,($184.11),"DEBITCARD: Event Tickets","","Entertainment",$29282.26,"",
"0001112223","CK",8/11/2023,($8.99),"DEBITCARD: Coffee Shop","","Food & Drink",$29273.27,"",
"0001112223","CK",8/13/2023,($33.94),"DEBITCARD: Restaurant","","Food & Drink",$29239.33,"",
"0001112223","CK",8/14/2023,($210.07),"ACH:ELECTRIC BILL","","Utilities",$29029.26,"",
"0001112223","CK",8/15/2023,$3800.00,"ACH:VISTA TECH PAYROLL","","Misc. Income",$32829.26,"",
"0001112223","CK",8/15/2023,($7.71),"DEBITCARD: Streaming Add-on","","Entertainment",$32821.55,"",
"0001112223","CK",8/16/2023,($750.00),"Web Branch:TFR TO SV 0001112223","","Transfer",$32071.55,"budgeteer:apply=savings",
"0001112223","CK",8/17/2023,($9.05),"DEBITCARD: Streaming Add-on","","Entertainment",$32062.50,"",
"0001112223","CK",8/18/2023,($26.16),"DEBITCARD: Books","","Shopping",$32036.34,"",
"0001112223","CK",8/19/2023,($20.33),"DEBITCARD: Ride Share","","Auto & Transport",$32016.01,"",
"0001112223","CK",8/24/2023,($39.30),"ACH:WATER BILL","","Utilities",$31976.71,"",
"0001112223","CK",8/24/2023,($20.48),"DEBITCARD: Books","","Shopping",$31956.23,"",
"0001112223","CK",8/24/2023,($7.23),"DEBITCARD: Coffee Shop","","Food & Drink",$31949.00,"",
"0001112223","CK",8/25/2023,($35.45),"DEBITCARD: Gas Station","","Gas / Fuel",$31913.55,"",
"0001112223","CK",8/25/2023,($44.45),"DEBITCARD: Gas Station","","Gas / Fuel",$31869.10,"",
"0001112223","CK",8/25/2023,($28.47),"DEBITCARD: Pet Supplies","","Pets",$31840.63,"",
"0001112223","CK",8/26/2023,($1461.83),"ACH:CREDIT CARD PAYMENT","","Credit Card",$30378.80,"",
"0001112223","CK",8/26/2023,($8.47),"DEBITCARD: Coffee Shop","","Food & Drink",$30370.33,"",
"0001112223","CK",8/27/2023,($66.40),"DEBITCARD: Event Tickets","","Entertainment",$30303.93,"",
"0001112223","CK",8/27/2023,($63.60),"DEBITCARD: Pharmacy","","Health",$30240.33,"",
"0001112223","CK",8/27/2023,($15.23),"DEBITCARD: Ride Share","","Auto & Transport",$30225.10,"",
"0001112223","CK",8/29/2023,($64.45),"DEBITCARD: Gas Station","","Gas / Fuel",$30160.65,"",
"0001112223","CK",8/29/2023,($10.24),"DEBITCARD: Coffee Shop","","Food & Drink",$30150.41,"",
"0001112223","CK",8/30/2023,($9.45),"DEBITCARD: Pharmacy","","Health",$30140.96,"",
"0001112223","CK",9/1/2023,$3800.00,"ACH:VISTA TECH PAYROLL","","Misc. Income",$33940.96,"",
"0001112223","CK",9/1/2023,($2189.00),"ACH:Redwood Grove RENT","","Mortgage / Rent",$31751.96,"",
"0001112223","CK",9/1/2023,($9.36),"DEBITCARD: Coffee Shop","","Food & Drink",$31742.60,"",
"0001112223","CK",9/2/2023,($245.00),"ACH:HEALTH INSURANCE","","Insurance",$31497.60,"",
"0001112223","CK",9/2/2023,($39.21),"DEBITCARD: Gas Station","","Gas / Fuel",$31458.39,"",
"0001112223","CK",9/3/2023,($59.42),"DEBITCARD: Gas Station","","Gas / Fuel",$31398.97,"",
"0001112223","CK",9/5/2023,($425.00),"ACH:AUTO LOAN PAYMENT","","Auto & Transport",$30973.97,"budgeteer:goal=Auto Loan Down-payment",
"0001112223","CK",9/6/2023,$270.69,"ACH:MOONLIGHT GIG","","Misc. Income",$31244.66,"Side work",
"0001112223","CK",9/6/2023,($30.71),"DEBITCARD: Pet Supplies","","Pets",$31213.95,"",
"0001112223","CK",9/7/2023,($79.99),"ACH:ISP INTERNET BILL","","Internet",$31133.96,"",
"0001112223","CK",9/7/2023,($53.09),"DEBITCARD: Pharmacy","","Health",$31080.87,"",
"0001112223","CK",9/7/2023,($16.57),"DEBITCARD: Books","","Shopping",$31064.30,"",
"0001112223","CK",9/8/2023,($39.99),"ACH:GYM MEMBERSHIP","","Health",$31024.31,"",
"0001112223","CK",9/8/2023,($19.99),"ACH:STREAMING SUBSCRIPTION","","Entertainment",$31004.32,"",
"0001112223","CK",9/9/2023,($59.32),"DEBITCARD: Clothing Store","","Shopping",$30945.00,"",
"0001112223","CK",9/10/2023,($199.32),"DEBITCARD: Event Tickets","","Entertainment",$30745.68,"",
"0001112223","CK",9/11/2023,($68.00),"ACH:MOBILE PHONE","","Utilities",$30677.68,"",
"0001112223","CK",9/11/2023,($52.09),"DEBITCARD: Gas Station","","Gas / Fuel",$30625.59,"",
"0001112223","CK",9/11/2023,($109.63),"DEBITCARD: Clothing Store","","Shopping",$30515.96,"",
"0001112223","CK",9/12/2023,($19.60),"DEBITCARD: Ride Share","","Auto & Transport",$30496.36,"",
"0001112223","CK",9/12/2023,($23.64),"DEBITCARD: Books","","Shopping",$30472.72,"",
"0001112223","CK",9/12/2023,($13.44),"DEBITCARD: Books","","Shopping",$30459.28,"",
"0001112223","CK",9/13/2023,($210.00),"ACH:STUDENT LOAN SERVICER","","Loans",$30249.28,"",
"0001112223","CK",9/13/2023,($185.58),"ACH:ELECTRIC BILL","","Utilities",$30063.70,"",
"0001112223","CK",9/14/2023,($5.43),"DEBITCARD: Streaming Add-on","","Entertainment",$30058.27,"",
"0001112223","CK",9/15/2023,$3800.00,"ACH:VISTA TECH PAYROLL","","Misc. Income",$33858.27,"",
"0001112223","CK",9/15/2023,($69.22),"DEBITCARD: Gas Station","","Gas / Fuel",$33789.05,"",
"0001112223","CK",9/16/2023,($750.00),"Web Branch:TFR TO SV 0001112223","","Transfer",$33039.05,"budgeteer:apply=savings",
"0001112223","CK",9/16/2023,($53.21),"DEBITCARD: Hardware Store","","Home",$32985.84,"",
"0001112223","CK",9/17/2023,($53.40),"DEBITCARD: Restaurant","","Food & Drink",$32932.44,"",
"0001112223","CK",9/17/2023,($18.54),"DEBITCARD: Ride Share","","Auto & Transport",$32913.90,"",
"0001112223","CK",9/17/2023,($11.63),"DEBITCARD: Pharmacy","","Health",$32902.27,"",
"0001112223","CK",9/18/2023,($130.28),"DEBITCARD: Event Tickets","","Entertainment",$32771.99,"",
"0001112223","CK",9/18/2023,($20.99),"DEBITCARD: Pet Supplies","","Pets",$32751.00,"",
"0001112223","CK",9/18/2023,($89.66),"DEBITCARD: Grocery Store","","Groceries",$32661.34,"",
"0001112223","CK",9/18/2023,($61.67),"DEBITCARD: Grocery Store","","Groceries",$32599.67,"",
"0001112223","CK",9/19/2023,($58.96),"DEBITCARD: Restaurant","","Food & Drink",$32540.71,"",
"0001112223","CK",9/21/2023,($35.01),"DEBITCARD: Hardware Store","","Home",$32505.70,"",
"0001112223","CK",9/22/2023,($10.10),"DEBITCARD: Books","","Shopping",$32495.60,"",
"0001112223","CK",9/23/2023,($1111.76),"ACH:CREDIT CARD PAYMENT","","Credit Card",$31383.84,"",
"0001112223","CK",9/23/2023,($14.71),"DEBITCARD: Books","","Shopping",$31369.13,"",
"0001112223","CK",9/24/2023,($48.45),"ACH:WATER BILL","","Utilities",$31320.68,"",
"0001112223","CK",9/24/2023,$11.26,"DIVIDEND PAYMENT","","Misc. Income",$31331.94,"",
"0001112223","CK",9/24/2023,($21.45),"DEBITCARD: Pet Supplies","","Pets",$31310.49,"",
"0001112223","CK",9/25/2023,($57.49),"DEBITCARD: Pharmacy","","Health",$31253.00,"",
"0001112223","CK",9/26/2023,($18.76),"DEBITCARD: Pharmacy","","Health",$31234.24,"",
"0001112223","CK",9/26/2023,($34.35),"DEBITCARD: Pet Supplies","","Pets",$31199.89,"",
"0001112223","CK",9/27/2023,($162.78),"DEBITCARD: Event Tickets","","Entertainment",$31037.11,"",
"0001112223","CK",9/28/2023,($43.76),"DEBITCARD: Pharmacy","","Health",$30993.35,"",
"0001112223","CK",9/29/2023,($51.86),"DEBITCARD: Gas Station","","Gas / Fuel",$30941.49,"",
"0001112223","CK",10/1/2023,$3800.00,"ACH:VISTA TECH PAYROLL","","Misc. Income",$34741.49,"",
"0001112223","CK",10/1/2023,($2189.00),"ACH:Redwood Grove RENT","","Mortgage / Rent",$32552.49,"",
"0001112223","CK",10/2/2023,($48.97),"DEBITCARD: Restaurant","","Food & Drink",$32503.52,"",
"0001112223","CK",10/2/2023,($43.41),"DEBITCARD: Gas Station","","Gas / Fuel",$32460.11,"",
"0001112223","CK",10/3/2023,($245.00),"ACH:HEALTH INSURANCE","","Insurance",$32215.11,"",
"0001112223","CK",10/3/2023,($157.03),"DEBITCARD: Event Tickets","","Entertainment",$32058.08,"",
"0001112223","CK",10/4/2023,($425.00),"ACH:AUTO LOAN PAYMENT","","Auto & Transport",$31633.08,"budgeteer:goal=Auto Loan Down-payment",
"0001112223","CK",10/4/2023,($8.89),"DEBITCARD: Streaming Add-on","","Entertainment",$31624.19,"",
"0001112223","CK",10/6/2023,($21.32),"DEBITCARD: Books","","Shopping",$31602.87,"",
"0001112223","CK",10/7/2023,($79.99),"ACH:ISP INTERNET BILL","","Internet",$31522.88,"",
"0001112223","CK",10/7/2023,$434.95,"ACH:MOONLIGHT GIG","","Misc. Income",$31957.83,"Side work",
"0001112223","CK",10/7/2023,($10.32),"DEBITCARD: Streaming Add-on","","Entertainment",$31947.51,"",
"0001112223","CK",10/8/2023,($39.99),"ACH:GYM MEMBERSHIP","","Health",$31907.52,"",
"0001112223","CK",10/8/2023,($44.46),"DEBITCARD: Pharmacy","","Health",$31863.06,"",
"0001112223","CK",10/9/2023,($68.00),"ACH:MOBILE PHONE","","Utilities",$31795.06,"",
"0001112223","CK",10/9/2023,($30.53),"DEBITCARD: Gas Station","","Gas / Fuel",$31764.53,"",
"0001112223","CK",10/9/2023,($39.54),"DEBITCARD: Gas Station","","Gas / Fuel",$31724.99,"",
"0001112223","CK",10/10/2023,($19.99),"ACH:STREAMING SUBSCRIPTION","","Entertainment",$31705.00,"",
"0001112223","CK",10/10/2023,($51.39),"DEBITCARD: Gas Station","","Gas / Fuel",$31653.61,"",
"0001112223","CK",10/10/2023,($13.91),"DEBITCARD: Ride Share","","Auto & Transport",$31639.70,"",
"0001112223","CK",10/10/2023,($212.19),"DEBITCARD: Event Tickets","","Entertainment",$31427.51,"",
"0001112223","CK",10/11/2023,($55.54),"DEBITCARD: Gas Station","","Gas / Fuel",$31371.97,"",
"0001112223","CK",10/12/2023,($210.00),"ACH:STUDENT LOAN SERVICER","","Loans",$31161.97,"",
"0001112223","CK",10/12/2023,($146.08),"ACH:ELECTRIC BILL","","Utilities",$31015.89,"",
"0001112223","CK",10/12/2023,($18.79),"DEBITCARD: Ride Share","","Auto & Transport",$30997.10,"",
"0001112223","CK",10/13/2023,($115.03),"DEBITCARD: Grocery Store","","Groceries",$30882.07,"",
"0001112223","CK",10/13/2023,($49.14),"DEBITCARD: Restaurant","","Food & Drink",$30832.93,"",
"0001112223","CK",10/15/2023,$3800.00,"ACH:VISTA TECH PAYROLL","","Misc. Income",$34632.93,"",
"0001112223","CK",10/15/2023,($750.00),"Web Branch:TFR TO SV 0001112223","","Transfer",$33882.93,"budgeteer:apply=savings",
"0001112223","CK",10/15/2023,($37.44),"DEBITCARD: Hardware Store","","Home",$33845.49,"",
"0001112223","CK",10/17/2023,($10.91),"DEBITCARD: Streaming Add-on","","Entertainment",$33834.58,"",
"0001112223","CK",10/17/2023,($17.11),"DEBITCARD: Pet Supplies","","Pets",$33817.47,"",
"0001112223","CK",10/17/2023,($30.35),"DEBITCARD: Books","","Shopping",$33787.12,"",
"0001112223","CK",10/17/2023,($23.47),"DEBITCARD: Pet Supplies","","Pets",$33763.65,"",
"0001112223","CK",10/19/2023,$411.29,"ACH:MOONLIGHT GIG","","Misc. Income",$34174.94,"Side work",
"0001112223","CK",10/19/2023,($29.45),"DEBITCARD: Hardware Store","","Home",$34145.49,"",
"0001112223","CK",10/20/2023,($23.38),"DEBITCARD: Pet Supplies","","Pets",$34122.11,"",
"0001112223","CK",10/20/2023,($145.64),"DEBITCARD: Grocery Store","","Groceries",$33976.47,"",
"0001112223","CK",10/20/2023,($90.69),"DEBITCARD: Grocery Store","","Groceries",$33885.78,"",
"0001112223","CK",10/21/2023,($7.25),"DEBITCARD: Coffee Shop","","Food & Drink",$33878.53,"",
"0001112223","CK",10/21/2023,($53.44),"DEBITCARD: Gas Station","","Gas / Fuel",$33825.09,"",
"0001112223","CK",10/22/2023,($7.15),"DEBITCARD: Coffee Shop","","Food & Drink",$33817.94,"",
"0001112223","CK",10/23/2023,($44.60),"ACH:WATER BILL","","Utilities",$33773.34,"",
"0001112223","CK",10/24/2023,($67.59),"DEBITCARD: Gas Station","","Gas / Fuel",$33705.75,"",
"0001112223","CK",10/25/2023,($761.69),"ACH:CREDIT CARD PAYMENT","","Credit Card",$32944.06,"",
"0001112223","CK",10/27/2023,($98.74),"DEBITCARD: Clothing Store","","Shopping",$32845.32,"",
"0001112223","CK",10/28/2023,($59.49),"DEBITCARD: Pharmacy","","Health",$32785.83,"",
"0001112223","CK",10/29/2023,($35.12),"DEBITCARD: Pet Supplies","","Pets",$32750.71,"",
"0001112223","CK",10/30/2023,($39.41),"DEBITCARD: Hardware Store","","Home",$32711.30,"",
"0001112223","CK",10/30/2023,($159.47),"DEBITCARD: Grocery Store","","Groceries",$32551.83,"",
"0001112223","CK",11/1/2023,$3800.00,"ACH:VISTA TECH PAYROLL","","Misc. Income",$36351.83,"",
"0001112223","CK",11/1/2023,($23.11),"DEBITCARD: Books","","Shopping",$36328.72,"",
"0001112223","CK",11/1/2023,($26.94),"DEBITCARD: Clothing Store","","Shopping",$36301.78,"",
"0001112223","CK",11/2/2023,($2189.00),"ACH:Redwood Grove RENT","","Mortgage / Rent",$34112.78,"",
"0001112223","CK",11/2/2023,($245.00),"ACH:HEALTH INSURANCE","","Insurance",$33867.78,"",
"0001112223","CK",11/2/2023,($29.93),"DEBITCARD: Books","","Shopping",$33837.85,"",
"0001112223","CK",11/2/2023,($58.09),"DEBITCARD: Hardware Store","","Home",$33779.76,"",
"0001112223","CK",11/3/2023,($39.06),"DEBITCARD: Pet Supplies","","Pets",$33740.70,"",
"0001112223","CK",11/5/2023,($6.96),"DEBITCARD: Streaming Add-on","","Entertainment",$33733.74,"",
"0001112223","CK",11/6/2023,($425.00),"ACH:AUTO LOAN PAYMENT","","Auto & Transport",$33308.74,"budgeteer:goal=Auto Loan Down-payment",
"0001112223","CK",11/6/2023,($11.39),"DEBITCARD: Streaming Add-on","","Entertainment",$33297.35,"",
"0001112223","CK",11/6/2023,($18.21),"DEBITCARD: Pharmacy","","Health",$33279.14,"",
"0001112223","CK",11/6/2023,($71.89),"DEBITCARD: Hardware Store","","Home",$33207.25,"",
"0001112223","CK",11/7/2023,($79.99),"ACH:ISP INTERNET BILL","","Internet",$33127.26,"",
"0001112223","CK",11/8/2023,$599.20,"ACH:MOONLIGHT GIG","","Misc. Income",$33726.46,"Side work",
"0001112223","CK",11/8/2023,($31.53),"DEBITCARD: Gas Station","","Gas / Fuel",$33694.93,"",
"0001112223","CK",11/8/2023,($9.57),"DEBITCARD: Ride Share","","Auto & Transport",$33685.36,"",
"0001112223","CK",11/9/2023,($39.99),"ACH:GYM MEMBERSHIP","","Health",$33645.37,"",
"0001112223","CK",11/9/2023,($19.99),"ACH:STREAMING SUBSCRIPTION","","Entertainment",$33625.38,"",
"0001112223","CK",11/9/2023,($72.84),"DEBITCARD: Event Tickets","","Entertainment",$33552.54,"",
"0001112223","CK",11/11/2023,($68.00),"ACH:MOBILE PHONE","","Utilities",$33484.54,"",
"0001112223","CK",11/11/2023,($210.00),"ACH:STUDENT LOAN SERVICER","","Loans",$33274.54,"",
"0001112223","CK",11/11/2023,($121.58),"ACH:ELECTRIC BILL","","Utilities",$33152.96,"",
"0001112223","CK",11/11/2023,($40.51),"DEBITCARD: Restaurant","","Food & Drink",$33112.45,"",
"0001112223","CK",11/12/2023,($8.02),"DEBITCARD: Coffee Shop","","Food & Drink",$33104.43,"",
"0001112223","CK",11/12/2023,($133.01),"DEBITCARD: Clothing Store","","Shopping",$32971.42,"",
"0001112223","CK",11/13/2023,($17.71),"DEBITCARD: Books","","Shopping",$32953.71,"",
"0001112223","CK",11/13/2023,($21.37),"DEBITCARD: Books","","Shopping",$32932.34,"",
"0001112223","CK",11/15/2023,$3800.00,"ACH:VISTA TECH PAYROLL","","Misc. Income",$36732.34,"",
"0001112223","CK",11/15/2023,($750.00),"Web Branch:TFR TO SV 0001112223","","Transfer",$35982.34,"budgeteer:apply=savings",
"0001112223","CK",11/15/2023,($656.76),"DEBITCARD: Medical Bill","","Health",$35325.58,"",
"0001112223","CK",11/15/2023,($58.81),"DEBITCARD: Restaurant","","Food & Drink",$35266.77,"",
"0001112223","CK",11/16/2023,($34.45),"DEBITCARD: Clothing Store","","Shopping",$35232.32,"",
"0001112223","CK",11/16/2023,($7.83),"DEBITCARD: Streaming Add-on","","Entertainment",$35224.49,"",
"0001112223","CK",11/17/2023,($12.78),"DEBITCARD: Ride Share","","Auto & Transport",$35211.71,"",
"0001112223","CK",11/18/2023,($51.04),"DEBITCARD: Restaurant","","Food & Drink",$35160.67,"",
"0001112223","CK",11/18/2023,($34.50),"DEBITCARD: Restaurant","","Food & Drink",$35126.17,"",
"0001112223","CK",11/19/2023,($6.65),"DEBITCARD: Coffee Shop","","Food & Drink",$35119.52,"",
"0001112223","CK",11/21/2023,($48.19),"DEBITCARD: Restaurant","","Food & Drink",$35071.33,"",
"0001112223","CK",11/21/2023,($74.09),"DEBITCARD: Gas Station","","Gas / Fuel",$34997.24,"",
"0001112223","CK",11/22/2023,($40.74),"ACH:WATER BILL","","Utilities",$34956.50,"",
"0001112223","CK",11/22/2023,($190.54),"DEBITCARD: Event Tickets","","Entertainment",$34765.96,"",
"0001112223","CK",11/25/2023,($21.81),"DEBITCARD: Books","","Shopping",$34744.15,"",
"0001112223","CK",11/26/2023,($1611.61),"ACH:CREDIT CARD PAYMENT","","Credit Card",$33132.54,"",
"0001112223","CK",11/27/2023,($7.23),"DEBITCARD: Coffee Shop","","Food & Drink",$33125.31,"",
"0001112223","CK",11/27/2023,($23.53),"DEBITCARD: Books","","Shopping",$33101.78,"",
"0001112223","CK",11/28/2023,($7.44),"DEBITCARD: Coffee Shop","","Food & Drink",$33094.34,"",
"0001112223","CK",11/29/2023,($59.79),"DEBITCARD: Hardware Store","","Home",$33034.55,"",
"0001112223","CK",11/29/2023,($82.59),"DEBITCARD: Event Tickets","","Entertainment",$32951.96,"",
"0001112223","CK",11/30/2023,($118.80),"DEBITCARD: Event Tickets","","Entertainment",$32833.16,"",
"0001112223","CK",12/1/2023,$3800.00,"ACH:VISTA TECH PAYROLL","","Misc. Income",$36633.16,"",
"0001112223","CK",12/2/2023,($2189.00),"ACH:Redwood Grove RENT","","Mortgage / Rent",$34444.16,"",
"0001112223","CK",12/3/2023,($245.00),"ACH:HEALTH INSURANCE","","Insurance",$34199.16,"",
"0001112223","CK",12/3/2023,($180.35),"DEBITCARD: Grocery Store","","Groceries",$34018.81,"",
"0001112223","CK",12/5/2023,($425.00),"ACH:AUTO LOAN PAYMENT","","Auto & Transport",$33593.81,"budgeteer:goal=Auto Loan Down-payment",
"0001112223","CK",12/5/2023,($79.99),"ACH:ISP INTERNET BILL","","Internet",$33513.82,"",
"0001112223","CK",12/6/2023,($56.16),"DEBITCARD: Pharmacy","","Health",$33457.66,"",
"0001112223","CK",12/8/2023,($49.20),"DEBITCARD: Hardware Store","","Home",$33408.46,"",
"0001112223","CK",12/9/2023,($39.99),"ACH:GYM MEMBERSHIP","","Health",$33368.47,"",
"0001112223","CK",12/9/2023,($19.99),"ACH:STREAMING SUBSCRIPTION","","Entertainment",$33348.48,"",
"0001112223","CK",12/9/2023,($68.00),"ACH:MOBILE PHONE","","Utilities",$33280.48,"",
"0001112223","CK",12/9/2023,$763.46,"ACH:MOONLIGHT GIG","","Misc. Income",$34043.94,"Side work",
"0001112223","CK",12/9/2023,($15.83),"DEBITCARD: Restaurant","","Food & Drink",$34028.11,"",
"0001112223","CK",12/10/2023,($25.81),"DEBITCARD: Pet Supplies","","Pets",$34002.30,"",
"0001112223","CK",12/11/2023,($40.59),"DEBITCARD: Hardware Store","","Home",$33961.71,"",
"0001112223","CK",12/12/2023,($28.61),"DEBITCARD: Books","","Shopping",$33933.10,"",
"0001112223","CK",12/13/2023,($210.00),"ACH:STUDENT LOAN SERVICER","","Loans",$33723.10,"",
"0001112223","CK",12/14/2023,($10.42),"DEBITCARD: Pharmacy","","Health",$33712.68,"",
"0001112223","CK",12/15/2023,$3800.00,"ACH:VISTA TECH PAYROLL","","Misc. Income",$37512.68,"",
"0001112223","CK",12/15/2023,($172.08),"ACH:ELECTRIC BILL","","Utilities",$37340.60,"",
"0001112223","CK",12/15/2023,($77.53),"DEBITCARD: Clothing Store","","Shopping",$37263.07,"",
"0001112223","CK",12/15/2023,($5.37),"DEBITCARD: Streaming Add-on","","Entertainment",$37257.70,"",
"0001112223","CK",12/16/2023,($45.67),"DEBITCARD: Pharmacy","","Health",$37212.03,"",
"0001112223","CK",12/16/2023,($10.09),"DEBITCARD: Streaming Add-on","","Entertainment",$37201.94,"",
"0001112223","CK",12/17/2023,($750.00),"Web Branch:TFR TO SV 0001112223","","Transfer",$36451.94,"budgeteer:apply=savings",
"0001112223","CK",12/17/2023,($6.04),"DEBITCARD: Coffee Shop","","Food & Drink",$36445.90,"",
"0001112223","CK",12/19/2023,($7.09),"DEBITCARD: Coffee Shop","","Food & Drink",$36438.81,"",
"0001112223","CK",12/19/2023,($8.91),"DEBITCARD: Coffee Shop","","Food & Drink",$36429.90,"",
"0001112223","CK",12/20/2023,($7.56),"DEBITCARD: Streaming Add-on","","Entertainment",$36422.34,"",
"0001112223","CK",12/20/2023,($25.58),"DEBITCARD: Pet Supplies","","Pets",$36396.76,"",
"0001112223","CK",12/20/2023,($41.08),"DEBITCARD: Restaurant","","Food & Drink",$36355.68,"",
"0001112223","CK",12/21/2023,($49.89),"ACH:WATER BILL","","Utilities",$36305.79,"",
"0001112223","CK",12/21/2023,($46.03),"DEBITCARD: Pet Supplies","","Pets",$36259.76,"",
"0001112223","CK",12/21/2023,($43.14),"DEBITCARD: Pet Supplies","","Pets",$36216.62,"",
"0001112223","CK",12/22/2023,($8.53),"DEBITCARD: Streaming Add-on","","Entertainment",$36208.09,"",
"0001112223","CK",12/22/2023,($42.44),"DEBITCARD: Clothing Store","","Shopping",$36165.65,"",
"0001112223","CK",12/23/2023,($1261.54),"ACH:CREDIT CARD PAYMENT","","Credit Card",$34904.11,"",
"0001112223","CK",12/23/2023,($18.01),"DEBITCARD: Books","","Shopping",$34886.10,"",
"0001112223","CK",12/23/2023,($13.37),"DEBITCARD: Ride Share","","Auto & Transport",$34872.73,"",
"0001112223","CK",12/23/2023,($9.17),"DEBITCARD: Streaming Add-on","","Entertainment",$34863.56,"",
"0001112223","CK",12/24/2023,$503.49,"ACH:MOONLIGHT GIG","","Misc. Income",$35367.05,"Side work",
"0001112223","CK",12/24/2023,($60.52),"DEBITCARD: Gas Station","","Gas / Fuel",$35306.53,"",
"0001112223","CK",12/24/2023,($55.71),"DEBITCARD: Pharmacy","","Health",$35250.82,"",
"0001112223","CK",12/26/2023,($30.59),"DEBITCARD: Restaurant","","Food & Drink",$35220.23,"",
"0001112223","CK",12/27/2023,($14.51),"DEBITCARD: Ride Share","","Auto & Transport",$35205.72,"",
"0001112223","CK",12/28/2023,$11.47,"DIVIDEND PAYMENT","","Misc. Income",$35217.19,"",
"0001112223","CK",12/28/2023,($22.04),"DEBITCARD: Ride Share","","Auto & Transport",$35195.15,"",
"0001112223","CK",12/30/2023,($42.00),"DEBITCARD: Pharmacy","","Health",$35153.15,"",
"0001112223","CK",12/30/2023,($80.61),"DEBITCARD: Event Tickets","","Entertainment",$35072.54,"",
"0001112223","CK",12/31/2023,($46.26),"DEBITCARD: Pharmacy","","Health",$35026.28,"",
"0001112223","CK",1/1/2024,$3950.00,"ACH:VISTA TECH PAYROLL","","Misc. Income",$38976.28,"",
"0001112223","CK",1/1/2024,($42.51),"DEBITCARD: Pharmacy","","Health",$38933.77,"",
"0001112223","CK",1/1/2024,($11.12),"DEBITCARD: Streaming Add-on","","Entertainment",$38922.65,"",
"0001112223","CK",1/2/2024,($2189.00),"ACH:Redwood Grove RENT","","Mortgage / Rent",$36733.65,"",
"0001112223","CK",1/2/2024,($245.00),"ACH:HEALTH INSURANCE","","Insurance",$36488.65,"",
"0001112223","CK",1/5/2024,($425.00),"ACH:AUTO LOAN PAYMENT","","Auto & Transport",$36063.65,"budgeteer:goal=Auto Loan Down-payment",
"0001112223","CK",1/5/2024,($79.99),"ACH:ISP INTERNET BILL","","Internet",$35983.66,"",
"0001112223","CK",1/5/2024,($24.11),"DEBITCARD: Ride Share","","Auto & Transport",$35959.55,"",
"0001112223","CK",1/6/2024,($20.48),"DEBITCARD: Restaurant","","Food & Drink",$35939.07,"",
"0001112223","CK",1/6/2024,($20.48),"DEBITCARD: Pet Supplies","","Pets",$35918.59,"",
"0001112223","CK",1/7/2024,($39.99),"ACH:GYM MEMBERSHIP","","Health",$35878.60,"",
"0001112223","CK",1/7/2024,($1179.24),"DEBITCARD: Airline","","Travel",$34699.36,"",
"0001112223","CK",1/7/2024,($15.59),"DEBITCARD: Ride Share","","Auto & Transport",$34683.77,"",
"0001112223","CK",1/7/2024,($33.39),"DEBITCARD: Restaurant","","Food & Drink",$34650.38,"",
"0001112223","CK",1/8/2024,($19.99),"ACH:STREAMING SUBSCRIPTION","","Entertainment",$34630.39,"",
"0001112223","CK",1/8/2024,($15.73),"DEBITCARD: Pet Supplies","","Pets",$34614.66,"",
"0001112223","CK",1/9/2024,($40.31),"DEBITCARD: Pharmacy","","Health",$34574.35,"",
"0001112223","CK",1/10/2024,($68.00),"ACH:MOBILE PHONE","","Utilities",$34506.35,"",
"0001112223","CK",1/10/2024,$927.71,"ACH:MOONLIGHT GIG","","Misc. Income",$35434.06,"Side work",
"0001112223","CK",1/11/2024,($48.54),"DEBITCARD: Restaurant","","Food & Drink",$35385.52,"",
"0001112223","CK",1/11/2024,($33.44),"DEBITCARD: Pet Supplies","","Pets",$35352.08,"",
"0001112223","CK",1/12/2024,($210.00),"ACH:STUDENT LOAN SERVICER","","Loans",$35142.08,"",
"0001112223","CK",1/12/2024,($4.30),"DEBITCARD: Coffee Shop","","Food & Drink",$35137.78,"",
"0001112223","CK",1/12/2024,($40.79),"DEBITCARD: Pharmacy","","Health",$35096.99,"",
"0001112223","CK",1/12/2024,($191.64),"DEBITCARD: Grocery Store","","Groceries",$34905.35,"",
"0001112223","CK",1/13/2024,($3.73),"DEBITCARD: Coffee Shop","","Food & Drink",$34901.62,"",
"0001112223","CK",1/14/2024,($187.58),"ACH:ELECTRIC BILL","","Utilities",$34714.04,"",
"0001112223","CK",1/15/2024,$3800.00,"ACH:VISTA TECH PAYROLL","","Misc. Income",$38514.04,"",
"0001112223","CK",1/15/2024,($40.70),"DEBITCARD: Pharmacy","","Health",$38473.34,"",
"0001112223","CK",1/17/2024,($750.00),"Web Branch:TFR TO SV 0001112223","","Transfer",$37723.34,"budgeteer:apply=savings",
"0001112223","CK",1/17/2024,($182.15),"DEBITCARD: Grocery Store","","Groceries",$37541.19,"",
"0001112223","CK",1/18/2024,($65.89),"DEBITCARD: Gas Station","","Gas / Fuel",$37475.30,"",
"0001112223","CK",1/18/2024,($5.65),"DEBITCARD: Streaming Add-on","","Entertainment",$37469.65,"",
"0001112223","CK",1/19/2024,($35.29),"DEBITCARD: Pharmacy","","Health",$37434.36,"",
"0001112223","CK",1/20/2024,($26.27),"DEBITCARD: Ride Share","","Auto & Transport",$37408.09,"",
"0001112223","CK",1/21/2024,($46.04),"ACH:WATER BILL","","Utilities",$37362.05,"",
"0001112223","CK",1/23/2024,($18.14),"DEBITCARD: Ride Share","","Auto & Transport",$37343.91,"",
"0001112223","CK",1/24/2024,($911.47),"ACH:CREDIT CARD PAYMENT","","Credit Card",$36432.44,"",
"0001112223","CK",1/24/2024,($41.70),"DEBITCARD: Event Tickets","","Entertainment",$36390.74,"",
"0001112223","CK",1/24/2024,($61.37),"DEBITCARD: Clothing Store","","Shopping",$36329.37,"",
"0001112223","CK",1/24/2024,($20.50),"DEBITCARD: Books","","Shopping",$36308.87,"",
"0001112223","CK",1/26/2024,($21.14),"DEBITCARD: Books","","Shopping",$36287.73,"",
"0001112223","CK",1/27/2024,($64.08),"DEBITCARD: Clothing Store","","Shopping",$36223.65,"",
"0001112223","CK",1/27/2024,($16.54),"DEBITCARD: Ride Share","","Auto & Transport",$36207.11,"",
"0001112223","CK",1/27/2024,($48.71),"DEBITCARD: Pharmacy","","Health",$36158.40,"",
"0001112223","CK",1/29/2024,($63.97),"DEBITCARD: Hardware Store","","Home",$36094.43,"",
"0001112223","CK",1/30/2024,($15.62),"DEBITCARD: Ride Share","","Auto & Transport",$36078.81,"",
"0001112223","CK",1/30/2024,($37.05),"DEBITCARD: Pharmacy","","Health",$36041.76,"",
"0001112223","CK",1/31/2024,($46.23),"DEBITCARD: Hardware Store","","Home",$35995.53,"",
"0001112223","CK",1/31/2024,($15.10),"DEBITCARD: Books","","Shopping",$35980.43,"",
"0001112223","CK",2/1/2024,$3800.00,"ACH:VISTA TECH PAYROLL","","Misc. Income",$39780.43,"",
"0001112223","CK",2/1/2024,($24.50),"DEBITCARD: Pharmacy","","Health",$39755.93,"",
"0001112223","CK",2/1/2024,($155.81),"DEBITCARD: Grocery Store","","Groceries",$39600.12,"",
"0001112223","CK",2/2/2024,($2189.00),"ACH:Redwood Grove RENT","","Mortgage / Rent",$37411.12,"",
"0001112223","CK",2/3/2024,($245.00),"ACH:HEALTH INSURANCE","","Insurance",$37166.12,"",
"0001112223","CK",2/3/2024,($98.54),"DEBITCARD: Clothing Store","","Shopping",$37067.58,"",
"0001112223","CK",2/4/2024,($425.00),"ACH:AUTO LOAN PAYMENT","","Auto & Transport",$36642.58,"budgeteer:goal=Auto Loan Down-payment",
"0001112223","CK",2/4/2024,($37.50),"DEBITCARD: Pet Supplies","","Pets",$36605.08,"",
"0001112223","CK",2/4/2024,($10.73),"DEBITCARD: Streaming Add-on","","Entertainment",$36594.35,"",
"0001112223","CK",2/4/2024,($158.35),"DEBITCARD: Grocery Store","","Groceries",$36436.00,"",
"0001112223","CK",2/5/2024,($79.99),"ACH:ISP INTERNET BILL","","Internet",$36356.01,"",
"0001112223","CK",2/5/2024,($78.84),"DEBITCARD: Event Tickets","","Entertainment",$36277.17,"",
"0001112223","CK",2/6/2024,($212.81),"DEBITCARD: Event Tickets","","Entertainment",$36064.36,"",
"0001112223","CK",2/6/2024,($7.57),"DEBITCARD: Streaming Add-on","","Entertainment",$36056.79,"",
"0001112223","CK",2/6/2024,($18.83),"DEBITCARD: Pet Supplies","","Pets",$36037.96,"",
"0001112223","CK",2/7/2024,($39.99),"ACH:GYM MEMBERSHIP","","Health",$35997.97,"",
"0001112223","CK",2/7/2024,($26.49),"DEBITCARD: Ride Share","","Auto & Transport",$35971.48,"",
"0001112223","CK",2/9/2024,($68.00),"ACH:MOBILE PHONE","","Utilities",$35903.48,"",
"0001112223","CK",2/9/2024,($91.12),"DEBITCARD: Event Tickets","","Entertainment",$35812.36,"",
"0001112223","CK",2/10/2024,($19.99),"ACH:STREAMING SUBSCRIPTION","","Entertainment",$35792.37,"",
"0001112223","CK",2/10/2024,($85.54),"DEBITCARD: Grocery Store","","Groceries",$35706.83,"",
"0001112223","CK",2/10/2024,($3.77),"DEBITCARD: Coffee Shop","","Food & Drink",$35703.06,"",
"0001112223","CK",2/11/2024,$271.97,"ACH:MOONLIGHT GIG","","Misc. Income",$35975.03,"Side work",
"0001112223","CK",2/11/2024,($102.59),"DEBITCARD: Grocery Store","","Groceries",$35872.44,"",
"0001112223","CK",2/11/2024,($123.11),"DEBITCARD: Grocery Store","","Groceries",$35749.33,"",
"0001112223","CK",2/12/2024,($210.00),"ACH:STUDENT LOAN SERVICER","","Loans",$35539.33,"",
"0001112223","CK",2/12/2024,($9.32),"DEBITCARD: Ride Share","","Auto & Transport",$35530.01,"",
"0001112223","CK",2/13/2024,($163.09),"ACH:ELECTRIC BILL","","Utilities",$35366.92,"",
"0001112223","CK",2/14/2024,($9.16),"DEBITCARD: Books","","Shopping",$35357.76,"",
"0001112223","CK",2/14/2024,($207.19),"DEBITCARD: Grocery Store","","Groceries",$35150.57,"",
"0001112223","CK",2/15/2024,$3800.00,"ACH:VISTA TECH PAYROLL","","Misc. Income",$38950.57,"",
"0001112223","CK",2/16/2024,($750.00),"Web Branch:TFR TO SV 0001112223","","Transfer",$38200.57,"budgeteer:apply=savings",
"0001112223","CK",2/17/2024,($207.91),"DEBITCARD: Grocery Store","","Groceries",$37992.66,"budgeteer:category=Food",
"0001112223","CK",2/18/2024,($10.06),"DEBITCARD: Streaming Add-on","","Entertainment",$37982.60,"",
"0001112223","CK",2/18/2024,($212.26),"DEBITCARD: Event Tickets","","Entertainment",$37770.34,"",
"0001112223","CK",2/18/2024,($190.87),"DEBITCARD: Grocery Store","","Groceries",$37579.47,"",
"0001112223","CK",2/20/2024,($42.19),"ACH:WATER BILL","","Utilities",$37537.28,"",
"0001112223","CK",2/20/2024,($36.21),"DEBITCARD: Event Tickets","","Entertainment",$37501.07,"",
"0001112223","CK",2/21/2024,($20.44),"DEBITCARD: Hardware Store","","Home",$37480.63,"",
"0001112223","CK",2/22/2024,($17.78),"DEBITCARD: Books","","Shopping",$37462.85,"",
"0001112223","CK",2/22/2024,($60.86),"DEBITCARD: Gas Station","","Gas / Fuel",$37401.99,"",
"0001112223","CK",2/25/2024,($32.89),"DEBITCARD: Pharmacy","","Health",$37369.10,"",
"0001112223","CK",2/25/2024,($15.32),"DEBITCARD: Ride Share","","Auto & Transport",$37353.78,"",
"0001112223","CK",2/26/2024,($1761.39),"ACH:CREDIT CARD PAYMENT","","Credit Card",$35592.39,"",
"0001112223","CK",2/27/2024,($25.05),"DEBITCARD: Ride Share","","Auto & Transport",$35567.34,"",
"0001112223","CK",2/28/2024,$12.99,"DIVIDEND PAYMENT","","Misc. Income",$35580.33,"",
"0001112223","CK",2/28/2024,($121.80),"DEBITCARD: Grocery Store","","Groceries",$35458.53,"",
"0001112223","CK",2/28/2024,($5.52),"DEBITCARD: Streaming Add-on","","Entertainment",$35453.01,"",
"0001112223","CK",2/29/2024,($145.73),"DEBITCARD: Event Tickets","","Entertainment",$35307.28,"",
"0001112223","CK",2/29/2024,($65.74),"DEBITCARD: Gas Station","","Gas / Fuel",$35241.54,"",
"0001112223","CK",3/1/2024,$3800.00,"ACH:VISTA TECH PAYROLL","","Misc. Income",$39041.54,"",
"0001112223","CK",3/1/2024,($245.00),"ACH:HEALTH INSURANCE","","Insurance",$38796.54,"",
"0001112223","CK",3/1/2024,($49.03),"DEBITCARD: Gas Station","","Gas / Fuel",$38747.51,"",
"0001112223","CK",3/1/2024,($129.20),"DEBITCARD: Clothing Store","","Shopping",$38618.31,"",
"0001112223","CK",3/2/2024,($2189.00),"ACH:Redwood Grove RENT","","Mortgage / Rent",$36429.31,"",
"0001112223","CK",3/3/2024,($78.13),"DEBITCARD: Clothing Store","","Shopping",$36351.18,"",
"0001112223","CK",3/3/2024,($16.88),"DEBITCARD: Ride Share","","Auto & Transport",$36334.30,"",
"0001112223","CK",3/3/2024,($106.25),"DEBITCARD: Event Tickets","","Entertainment",$36228.05,"",
"0001112223","CK",3/4/2024,($11.29),"DEBITCARD: Streaming Add-on","","Entertainment",$36216.76,"",
"0001112223","CK",3/5/2024,($79.99),"ACH:ISP INTERNET BILL","","Internet",$36136.77,"",
"0001112223","CK",3/5/2024,($5.50),"DEBITCARD: Streaming Add-on","","Entertainment",$36131.27,"",
"0001112223","CK",3/6/2024,($425.00),"ACH:AUTO LOAN PAYMENT","","Auto & Transport",$35706.27,"budgeteer:goal=Auto Loan Down-payment",
"0001112223","CK",3/6/2024,($11.83),"DEBITCARD: Streaming Add-on","","Entertainment",$35694.44,"",
"0001112223","CK",3/7/2024,($23.26),"DEBITCARD: Hardware Store","","Home",$35671.18,"",
"0001112223","CK",3/7/2024,($103.65),"DEBITCARD: Grocery Store","","Groceries",$35567.53,"",
"0001112223","CK",3/8/2024,($39.99),"ACH:GYM MEMBERSHIP","","Health",$35527.54,"",
"0001112223","CK",3/8/2024,($22.46),"DEBITCARD: Hardware Store","","Home",$35505.08,"",
"0001112223","CK",3/9/2024,($19.99),"ACH:STREAMING SUBSCRIPTION","","Entertainment",$35485.09,"",
"0001112223","CK",3/9/2024,($9.51),"DEBITCARD: Coffee Shop","","Food & Drink",$35475.58,"",
"0001112223","CK",3/9/2024,($5.47),"DEBITCARD: Coffee Shop","","Food & Drink",$35470.11,"",
"0001112223","CK",3/9/2024,($9.01),"DEBITCARD: Coffee Shop","","Food & Drink",$35461.10,"",
"0001112223","CK",3/10/2024,($68.00),"ACH:MOBILE PHONE","","Utilities",$35393.10,"",
"0001112223","CK",3/11/2024,($210.00),"ACH:STUDENT LOAN SERVICER","","Loans",$35183.10,"",
"0001112223","CK",3/11/2024,($19.25),"DEBITCARD: Restaurant","","Food & Drink",$35163.85,"",
"0001112223","CK",3/11/2024,($94.76),"DEBITCARD: Event Tickets","","Entertainment",$35069.09,"",
"0001112223","CK",3/12/2024,($143.59),"ACH:ELECTRIC BILL","","Utilities",$34925.50,"",
"0001112223","CK",3/12/2024,($30.75),"DEBITCARD: Pharmacy","","Health",$34894.75,"",
"0001112223","CK",3/12/2024,($14.39),"DEBITCARD: Ride Share","","Auto & Transport",$34880.36,"",
"0001112223","CK",3/13/2024,($8.79),"DEBITCARD: Coffee Shop","","Food & Drink",$34871.57,"",
"0001112223","CK",3/15/2024,$3800.00,"ACH:VISTA TECH PAYROLL","","Misc. Income",$38671.57,"",
"0001112223","CK",3/15/2024,($26.90),"DEBITCARD: Pet Supplies","","Pets",$38644.67,"",
"0001112223","CK",3/16/2024,($750.00),"Web Branch:TFR TO SV 0001112223","","Transfer",$37894.67,"budgeteer:apply=savings",
"0001112223","CK",3/17/2024,($196.13),"DEBITCARD: Event Tickets","","Entertainment",$37698.54,"",
"0001112223","CK",3/17/2024,($9.70),"DEBITCARD: Coffee Shop","","Food & Drink",$37688.84,"",
"0001112223","CK",3/18/2024,($189.14),"DEBITCARD: Grocery Store","","Groceries",$37499.70,"",
"0001112223","CK",3/19/2024,($70.77),"DEBITCARD: Hardware Store","","Home",$37428.93,"",
"0001112223","CK",3/20/2024,($17.31),"DEBITCARD: Ride Share","","Auto & Transport",$37411.62,"",
"0001112223","CK",3/22/2024,($32.24),"DEBITCARD: Books","","Shopping",$37379.38,"",
"0001112223","CK",3/23/2024,($1411.32),"ACH:CREDIT CARD PAYMENT","","Credit Card",$35968.06,"",
"0001112223","CK",3/23/2024,($17.59),"DEBITCARD: Pet Supplies","","Pets",$35950.47,"",
"0001112223","CK",3/23/2024,($9.11),"DEBITCARD: Coffee Shop","","Food & Drink",$35941.36,"",
"0001112223","CK",3/24/2024,($38.34),"ACH:WATER BILL","","Utilities",$35903.02,"",
"0001112223","CK",3/26/2024,($41.90),"DEBITCARD: Gas Station","","Gas / Fuel",$35861.12,"",
"0001112223","CK",3/27/2024,($646.77),"DEBITCARD: Medical Bill","","Health",$35214.35,"",
"0001112223","CK",3/27/2024,($42.29),"DEBITCARD: Gas Station","","Gas / Fuel",$35172.06,"",
"0001112223","CK",3/28/2024,($42.77),"DEBITCARD: Restaurant","","Food & Drink",$35129.29,"",
"0001112223","CK",3/28/2024,($44.86),"DEBITCARD: Event Tickets","","Entertainment",$35084.43,"",
"0001112223","CK",3/30/2024,($37.77),"DEBITCARD: Gas Station","","Gas / Fuel",$35046.66,"",
"0001112223","CK",3/31/2024,($24.28),"DEBITCARD: Pet Supplies","","Pets",$35022.38,"",
"0001112223","CK",3/31/2024,($31.16),"DEBITCARD: Pet Supplies","","Pets",$34991.22,"",
"0001112223","CK",4/1/2024,$3800.00,"ACH:VISTA TECH PAYROLL","","Misc. Income",$38791.22,"",
"0001112223","CK",4/2/2024,($2189.00),"ACH:Redwood Grove RENT","","Mortgage / Rent",$36602.22,"",
"0001112223","CK",4/2/2024,($8.80),"DEBITCARD: Streaming Add-on","","Entertainment",$36593.42,"",
"0001112223","CK",4/3/2024,($245.00),"ACH:HEALTH INSURANCE","","Insurance",$36348.42,"",
"0001112223","CK",4/3/2024,($8.23),"DEBITCARD: Coffee Shop","","Food & Drink",$36340.19,"",
"0001112223","CK",4/3/2024,($110.83),"DEBITCARD: Clothing Store","","Shopping",$36229.36,"",
"0001112223","CK",4/3/2024,($10.12),"DEBITCARD: Streaming Add-on","","Entertainment",$36219.24,"",
"0001112223","CK",4/4/2024,($50.39),"DEBITCARD: Restaurant","","Food & Drink",$36168.85,"",
"0001112223","CK",4/4/2024,($92.79),"DEBITCARD: Grocery Store","","Groceries",$36076.06,"",
"0001112223","CK",4/5/2024,($425.00),"ACH:AUTO LOAN PAYMENT","","Auto & Transport",$35651.06,"budgeteer:goal=Auto Loan Down-payment",
"0001112223","CK",4/5/2024,($79.99),"ACH:ISP INTERNET BILL","","Internet",$35571.07,"",
"0001112223","CK",4/6/2024,($60.87),"DEBITCARD: Hardware Store","","Home",$35510.20,"",
"0001112223","CK",4/6/2024,($12.87),"DEBITCARD: Pet Supplies","","Pets",$35497.33,"",
"0001112223","CK",4/6/2024,($62.67),"DEBITCARD: Clothing Store","","Shopping",$35434.66,"",
"0001112223","CK",4/7/2024,($193.65),"DEBITCARD: Grocery Store","","Groceries",$35241.01,"",
"0001112223","CK",4/8/2024,($39.99),"ACH:GYM MEMBERSHIP","","Health",$35201.02,"",
"0001112223","CK",4/8/2024,($19.99),"ACH:STREAMING SUBSCRIPTION","","Entertainment",$35181.03,"",
"0001112223","CK",4/9/2024,($59.14),"DEBITCARD: Pharmacy","","Health",$35121.89,"",
"0001112223","CK",4/9/2024,($27.56),"DEBITCARD: Books","","Shopping",$35094.33,"",
"0001112223","CK",4/10/2024,$2229.31,"US TREASURY TAX REFUND","","Misc. Income",$37323.64,"",
"0001112223","CK",4/10/2024,($118.31),"DEBITCARD: Clothing Store","","Shopping",$37205.33,"",
"0001112223","CK",4/10/2024,($23.48),"DEBITCARD: Pet Supplies","","Pets",$37181.85,"",
"0001112223","CK",4/10/2024,($86.85),"DEBITCARD: Clothing Store","","Shopping",$37095.00,"",
"0001112223","CK",4/10/2024,($27.06),"DEBITCARD: Books","","Shopping",$37067.94,"",
"0001112223","CK",4/11/2024,($68.00),"ACH:MOBILE PHONE","","Utilities",$36999.94,"",
"0001112223","CK",4/11/2024,($119.09),"ACH:ELECTRIC BILL","","Utilities",$36880.85,"",
"0001112223","CK",4/11/2024,($48.61),"DEBITCARD: Clothing Store","","Shopping",$36832.24,"",
"0001112223","CK",4/12/2024,($73.08),"DEBITCARD: Gas Station","","Gas / Fuel",$36759.16,"",
"0001112223","CK",4/13/2024,($210.00),"ACH:STUDENT LOAN SERVICER","","Loans",$36549.16,"",
"0001112223","CK",4/13/2024,($12.95),"DEBITCARD: Ride Share","","Auto & Transport",$36536.21,"",
"0001112223","CK",4/13/2024,($161.31),"DEBITCARD: Event Tickets","","Entertainment",$36374.90,"",
"0001112223","CK",4/14/2024,($58.42),"DEBITCARD: Event Tickets","","Entertainment",$36316.48,"",
"0001112223","CK",4/14/2024,($10.31),"DEBITCARD: Streaming Add-on","","Entertainment",$36306.17,"",
"0001112223","CK",4/15/2024,$3800.00,"ACH:VISTA TECH PAYROLL","","Misc. Income",$40106.17,"",
"0001112223","CK",4/15/2024,($750.00),"Web Branch:TFR TO SV 0001112223","","Transfer",$39356.17,"budgeteer:apply=savings",
"0001112223","CK",4/15/2024,($8.63),"DEBITCARD: Coffee Shop","","Food & Drink",$39347.54,"",
"0001112223","CK",4/16/2024,($74.68),"DEBITCARD: Hardware Store","","Home",$39272.86,"",
"0001112223","CK",4/19/2024,($27.12),"DEBITCARD: Ride Share","","Auto & Transport",$39245.74,"",
"0001112223","CK",4/19/2024,($28.42),"DEBITCARD: Restaurant","","Food & Drink",$39217.32,"",
"0001112223","CK",4/20/2024,($11.69),"DEBITCARD: Ride Share","","Auto & Transport",$39205.63,"",
"0001112223","CK",4/21/2024,($86.62),"DEBITCARD: Clothing Store","","Shopping",$39119.01,"",
"0001112223","CK",4/21/2024,($16.58),"DEBITCARD: Pharmacy","","Health",$39102.43,"",
"0001112223","CK",4/23/2024,($53.01),"DEBITCARD: Pet Supplies","","Pets",$39049.42,"",
"0001112223","CK",4/24/2024,($47.49),"ACH:WATER BILL","","Utilities",$39001.93,"",
"0001112223","CK",4/24/2024,($1061.25),"ACH:CREDIT CARD PAYMENT","","Credit Card",$37940.68,"",
"0001112223","CK",4/24/2024,$9.35,"DIVIDEND PAYMENT","","Misc. Income",$37950.03,"",
"0001112223","CK",4/24/2024,($15.73),"DEBITCARD: Pet Supplies","","Pets",$37934.30,"",
"0001112223","CK",4/24/2024,($45.87),"DEBITCARD: Gas Station","","Gas / Fuel",$37888.43,"",
"0001112223","CK",4/27/2024,($111.60),"DEBITCARD: Event Tickets","","Entertainment",$37776.83,"",
"0001112223","CK",4/29/2024,($19.54),"DEBITCARD: Pet Supplies","","Pets",$37757.29,"",
"0001112223","CK",5/1/2024,$3800.00,"ACH:VISTA TECH PAYROLL","","Misc. Income",$41557.29,"",
"0001112223","CK",5/1/2024,($245.00),"ACH:HEALTH INSURANCE","","Insurance",$41312.29,"",
"0001112223","CK",5/1/2024,($38.73),"DEBITCARD: Pharmacy","","Health",$41273.56,"",
"0001112223","CK",5/2/2024,($2189.00),"ACH:Redwood Grove RENT","","Mortgage / Rent",$39084.56,"",
"0001112223","CK",5/2/2024,($41.51),"DEBITCARD: Restaurant","","Food & Drink",$39043.05,"",
"0001112223","CK",5/3/2024,($66.76),"DEBITCARD: Grocery Store","","Groceries",$38976.29,"",
"0001112223","CK",5/3/2024,($196.31),"DEBITCARD: Event Tickets","","Entertainment",$38779.98,"",
"0001112223","CK",5/4/2024,($425.00),"ACH:AUTO LOAN PAYMENT","","Auto & Transport",$38354.98,"budgeteer:goal=Auto Loan Down-payment",
"0001112223","CK",5/4/2024,($94.13),"DEBITCARD: Event Tickets","","Entertainment",$38260.85,"",
"0001112223","CK",5/5/2024,($79.99),"ACH:ISP INTERNET BILL","","Internet",$38180.86,"",
"0001112223","CK",5/5/2024,($36.57),"DEBITCARD: Gas Station","","Gas / Fuel",$38144.29,"",
"0001112223","CK",5/5/2024,($114.67),"DEBITCARD: Clothing Store","","Shopping",$38029.62,"",
"0001112223","CK",5/5/2024,($12.34),"DEBITCARD: Books","","Shopping",$38017.28,"",
"0001112223","CK",5/7/2024,($15.82),"DEBITCARD: Books","","Shopping",$38001.46,"",
"0001112223","CK",5/7/2024,($49.60),"DEBITCARD: Restaurant","","Food & Drink",$37951.86,"",
"0001112223","CK",5/8/2024,($45.79),"DEBITCARD: Restaurant","","Food & Drink",$37906.07,"",
"0001112223","CK",5/9/2024,($39.99),"ACH:GYM MEMBERSHIP","","Health",$37866.08,"",
"0001112223","CK",5/10/2024,($19.99),"ACH:STREAMING SUBSCRIPTION","","Entertainment",$37846.09,"",
"0001112223","CK",5/10/2024,($68.00),"ACH:MOBILE PHONE","","Utilities",$37778.09,"",
"0001112223","CK",5/10/2024,($5.52),"DEBITCARD: Streaming Add-on","","Entertainment",$37772.57,"",
"0001112223","CK",5/10/2024,($21.07),"DEBITCARD: Ride Share","","Auto & Transport",$37751.50,"",
"0001112223","CK",5/11/2024,($7.58),"DEBITCARD: Ride Share","","Auto & Transport",$37743.92,"",
"0001112223","CK",5/12/2024,($210.00),"ACH:STUDENT LOAN SERVICER","","Loans",$37533.92,"",
"0001112223","CK",5/12/2024,($58.27),"DEBITCARD: Gas Station","","Gas / Fuel",$37475.65,"",
"0001112223","CK",5/13/2024,($38.78),"DEBITCARD: Pet Supplies","","Pets",$37436.87,"",
"0001112223","CK",5/13/2024,($60.45),"DEBITCARD: Hardware Store","","Home",$37376.42,"",
"0001112223","CK",5/13/2024,($48.84),"DEBITCARD: Pet Supplies","","Pets",$37327.58,"",
"0001112223","CK",5/13/2024,($63.79),"DEBITCARD: Hardware Store","","Home",$37263.79,"",
"0001112223","CK",5/13/2024,($73.53),"DEBITCARD: Clothing Store","","Shopping",$37190.26,"",
"0001112223","CK",5/14/2024,($42.36),"DEBITCARD: Hardware Store","","Home",$37147.90,"",
"0001112223","CK",5/14/2024,($38.42),"DEBITCARD: Pharmacy","","Health",$37109.48,"",
"0001112223","CK",5/15/2024,$3800.00,"ACH:VISTA TECH PAYROLL","","Misc. Income",$40909.48,"",
"0001112223","CK",5/15/2024,($134.59),"ACH:ELECTRIC BILL","","Utilities",$40774.89,"",
"0001112223","CK",5/17/2024,($750.00),"Web Branch:TFR TO SV 0001112223","","Transfer",$40024.89,"budgeteer:apply=savings",
"0001112223","CK",5/18/2024,($24.76),"DEBITCARD: Ride Share","","Auto & Transport",$40000.13,"",
"0001112223","CK",5/18/2024,($4.73),"DEBITCARD: Coffee Shop","","Food & Drink",$39995.40,"",
"0001112223","CK",5/19/2024,($9.65),"DEBITCARD: Coffee Shop","","Food & Drink",$39985.75,"",
"0001112223","CK",5/19/2024,($7.60),"DEBITCARD: Coffee Shop","","Food & Drink",$39978.15,"",
"0001112223","CK",5/20/2024,($48.38),"DEBITCARD: Pet Supplies","","Pets",$39929.77,"",
"0001112223","CK",5/23/2024,($43.64),"ACH:WATER BILL","","Utilities",$39886.13,"",
"0001112223","CK",5/24/2024,($39.74),"DEBITCARD: Hardware Store","","Home",$39846.39,"",
"0001112223","CK",5/26/2024,($711.17),"ACH:CREDIT CARD PAYMENT","","Credit Card",$39135.22,"",
"0001112223","CK",5/26/2024,$4.36,"DIVIDEND PAYMENT","","Misc. Income",$39139.58,"",
"0001112223","CK",5/28/2024,($85.80),"DEBITCARD: Grocery Store","","Groceries",$39053.78,"",
"0001112223","CK",5/28/2024,($11.85),"DEBITCARD: Streaming Add-on","","Entertainment",$39041.93,"",
"0001112223","CK",5/29/2024,($128.54),"DEBITCARD: Event Tickets","","Entertainment",$38913.39,"",
"0001112223","CK",5/29/2024,($47.45),"DEBITCARD: Restaurant","","Food & Drink",$38865.94,"",
"0001112223","CK",5/29/2024,($10.35),"DEBITCARD: Streaming Add-on","","Entertainment",$38855.59,"",
"0001112223","CK",5/30/2024,($46.22),"DEBITCARD: Pet Supplies","","Pets",$38809.37,"",
"0001112223","CK",5/31/2024,($17.70),"DEBITCARD: Books","","Shopping",$38791.67,"",
"0001112223","CK",6/1/2024,$3800.00,"ACH:VISTA TECH PAYROLL","","Misc. Income",$42591.67,"",
"0001112223","CK",6/2/2024,($2189.00),"ACH:Redwood Grove RENT","","Mortgage / Rent",$40402.67,"",
"0001112223","CK",6/2/2024,($83.07),"DEBITCARD: Clothing Store","","Shopping",$40319.60,"",
"0001112223","CK",6/3/2024,($245.00),"ACH:HEALTH INSURANCE","","Insurance",$40074.60,"",
"0001112223","CK",6/4/2024,($51.43),"DEBITCARD: Restaurant","","Food & Drink",$40023.17,"",
"0001112223","CK",6/5/2024,($79.99),"ACH:ISP INTERNET BILL","","Internet",$39943.18,"",
"0001112223","CK",6/5/2024,($54.57),"DEBITCARD: Pharmacy","","Health",$39888.61,"",
"0001112223","CK",6/6/2024,($425.00),"ACH:AUTO LOAN PAYMENT","","Auto & Transport",$39463.61,"budgeteer:goal=Auto Loan Down-payment",
"0001112223","CK",6/7/2024,($37.67),"DEBITCARD: Restaurant","","Food & Drink",$39425.94,"",
"0001112223","CK",6/7/2024,($93.02),"DEBITCARD: Event Tickets","","Entertainment",$39332.92,"",
"0001112223","CK",6/8/2024,($156.15),"DEBITCARD: Grocery Store","","Groceries",$39176.77,"",
"0001112223","CK",6/8/2024,($17.60),"DEBITCARD: Ride Share","","Auto & Transport",$39159.17,"",
"0001112223","CK",6/9/2024,($39.99),"ACH:GYM MEMBERSHIP","","Health",$39119.18,"",
"0001112223","CK",6/10/2024,($19.99),"ACH:STREAMING SUBSCRIPTION","","Entertainment",$39099.19,"",
"0001112223","CK",6/10/2024,($38.37),"DEBITCARD: Gas Station","","Gas / Fuel",$39060.82,"",
"0001112223","CK",6/10/2024,($45.41),"DEBITCARD: Event Tickets","","Entertainment",$39015.41,"",
"0001112223","CK",6/10/2024,($52.31),"DEBITCARD: Hardware Store","","Home",$38963.10,"",
"0001112223","CK",6/11/2024,($68.00),"ACH:MOBILE PHONE","","Utilities",$38895.10,"",
"0001112223","CK",6/11/2024,($210.00),"ACH:STUDENT LOAN SERVICER","","Loans",$38685.10,"",
"0001112223","CK",6/11/2024,($8.94),"DEBITCARD: Coffee Shop","","Food & Drink",$38676.16,"",
"0001112223","CK",6/12/2024,($169.57),"DEBITCARD: Grocery Store","","Groceries",$38506.59,"",
"0001112223","CK",6/12/2024,($55.35),"DEBITCARD: Pharmacy","","Health",$38451.24,"",
"0001112223","CK",6/12/2024,($19.31),"DEBITCARD: Hardware Store","","Home",$38431.93,"",
"0001112223","CK",6/13/2024,($22.70),"DEBITCARD: Pet Supplies","","Pets",$38409.23,"",
"0001112223","CK",6/14/2024,($205.09),"ACH:ELECTRIC BILL","","Utilities",$38204.14,"",
"0001112223","CK",6/14/2024,($6.29),"DEBITCARD: Coffee Shop","","Food & Drink",$38197.85,"",
"0001112223","CK",6/15/2024,$3800.00,"ACH:VISTA TECH PAYROLL","","Misc. Income",$41997.85,"",
"0001112223","CK",6/16/2024,($123.77),"DEBITCARD: Grocery Store","","Groceries",$41874.08,"",
"0001112223","CK",6/17/2024,($750.00),"Web Branch:TFR TO SV 0001112223","","Transfer",$41124.08,"budgeteer:apply=savings",
"0001112223","CK",6/17/2024,($82.43),"DEBITCARD: Grocery Store","","Groceries",$41041.65,"",
"0001112223","CK",6/17/2024,($19.59),"DEBITCARD: Pet Supplies","","Pets",$41022.06,"",
"0001112223","CK",6/17/2024,($39.76),"DEBITCARD: Pet Supplies","","Pets",$40982.30,"",
"0001112223","CK",6/17/2024,($51.57),"DEBITCARD: Gas Station","","Gas / Fuel",$40930.73,"",
"0001112223","CK",6/19/2024,($180.93),"DEBITCARD: Event Tickets","","Entertainment",$40749.80,"",
"0001112223","CK",6/19/2024,($57.16),"DEBITCARD: Restaurant","","Food & Drink",$40692.64,"",
"0001112223","CK",6/20/2024,($69.10),"DEBITCARD: Gas Station","","Gas / Fuel",$40623.54,"",
"0001112223","CK",6/21/2024,($26.08),"DEBITCARD: Books","","Shopping",$40597.46,"",
"0001112223","CK",6/21/2024,($6.14),"DEBITCARD: Coffee Shop","","Food & Drink",$40591.32,"",
"0001112223","CK",6/22/2024,($39.79),"ACH:WATER BILL","","Utilities",$40551.53,"",
"0001112223","CK",6/22/2024,($7.16),"DEBITCARD: Coffee Shop","","Food & Drink",$40544.37,"",
"0001112223","CK",6/23/2024,($1561.10),"ACH:CREDIT CARD PAYMENT","","Credit Card",$38983.27,"",
"0001112223","CK",6/23/2024,($25.53),"DEBITCARD: Books","","Shopping",$38957.74,"",
"0001112223","CK",6/24/2024,($170.09),"DEBITCARD: Grocery Store","","Groceries",$38787.65,"",
"0001112223","CK",6/24/2024,($60.41),"DEBITCARD: Restaurant","","Food & Drink",$38727.24,"",
"0001112223","CK",6/24/2024,($60.02),"DEBITCARD: Pharmacy","","Health",$38667.22,"",
"0001112223","CK",6/27/2024,($40.69),"DEBITCARD: Pharmacy","","Health",$38626.53,"",
"0001112223","CK",6/28/2024,$11.37,"DIVIDEND PAYMENT","","Misc. Income",$38637.90,"",
"0001112223","CK",6/28/2024,($39.06),"DEBITCARD: Hardware Store","","Home",$38598.84,"",
"0001112223","CK",6/30/2024,($79.50),"DEBITCARD: Hardware Store","","Home",$38519.34,"",
"0001112223","CK",6/30/2024,($190.39),"DEBITCARD: Grocery Store","","Groceries",$38328.95,"",
"0001112223","CK",7/1/2024,$3800.00,"ACH:VISTA TECH PAYROLL","","Misc. Income",$42128.95,"",
"0001112223","CK",7/1/2024,($245.00),"ACH:HEALTH INSURANCE","","Insurance",$41883.95,"",
"0001112223","CK",7/1/2024,($27.49),"DEBITCARD: Pet Supplies","","Pets",$41856.46,"",
"0001112223","CK",7/2/2024,($2189.00),"ACH:Redwood Grove RENT","","Mortgage / Rent",$39667.46,"",
"0001112223","CK",7/2/2024,($10.21),"DEBITCARD: Coffee Shop","","Food & Drink",$39657.25,"",
"0001112223","CK",7/2/2024,($177.96),"DEBITCARD: Grocery Store","","Groceries",$39479.29,"",
"0001112223","CK",7/2/2024,($29.98),"DEBITCARD: Books","","Shopping",$39449.31,"",
"0001112223","CK",7/2/2024,($11.64),"DEBITCARD: Ride Share","","Auto & Transport",$39437.67,"",
"0001112223","CK",7/4/2024,($82.94),"DEBITCARD: Clothing Store","","Shopping",$39354.73,"",
"0001112223","CK",7/4/2024,($13.44),"DEBITCARD: Restaurant","","Food & Drink",$39341.29,"",
"0001112223","CK",7/5/2024,($425.00),"ACH:AUTO LOAN PAYMENT","","Auto & Transport",$38916.29,"budgeteer:goal=Auto Loan Down-payment",
"0001112223","CK",7/5/2024,($79.99),"ACH:ISP INTERNET BILL","","Internet",$38836.30,"",
"0001112223","CK",7/7/2024,($39.99),"ACH:GYM MEMBERSHIP","","Health",$38796.31,"",
"0001112223","CK",7/7/2024,($75.69),"DEBITCARD: Hardware Store","","Home",$38720.62,"",
"0001112223","CK",7/7/2024,($29.72),"DEBITCARD: Pet Supplies","","Pets",$38690.90,"",
"0001112223","CK",7/9/2024,($19.99),"ACH:STREAMING SUBSCRIPTION","","Entertainment",$38670.91,"",
"0001112223","CK",7/9/2024,($68.00),"ACH:MOBILE PHONE","","Utilities",$38602.91,"",
"0001112223","CK",7/9/2024,$273.25,"ACH:MOONLIGHT GIG","","Misc. Income",$38876.16,"Side work",
"0001112223","CK",7/9/2024,($209.59),"DEBITCARD: Grocery Store","","Groceries",$38666.57,"",
"0001112223","CK",7/9/2024,($23.18),"DEBITCARD: Ride Share","","Auto & Transport",$38643.39,"",
"0001112223","CK",7/10/2024,($43.89),"DEBITCARD: Hardware Store","","Home",$38599.50,"",
"0001112223","CK",7/10/2024,($49.47),"DEBITCARD: Pharmacy","","Health",$38550.03,"",
"0001112223","CK",7/11/2024,($210.00),"ACH:STUDENT LOAN SERVICER","","Loans",$38340.03,"",
"0001112223","CK",7/11/2024,($47.74),"DEBITCARD: Event Tickets","","Entertainment",$38292.29,"",
"0001112223","CK",7/11/2024,($30.49),"DEBITCARD: Gas Station","","Gas / Fuel",$38261.80,"",
"0001112223","CK",7/12/2024,($37.38),"DEBITCARD: Pharmacy","","Health",$38224.42,"",
"0001112223","CK",7/13/2024,($180.60),"ACH:ELECTRIC BILL","","Utilities",$38043.82,"",
"0001112223","CK",7/13/2024,($168.37),"DEBITCARD: Grocery Store","","Groceries",$37875.45,"",
"0001112223","CK",7/14/2024,($22.17),"DEBITCARD: Books","","Shopping",$37853.28,"",
"0001112223","CK",7/15/2024,$3800.00,"ACH:VISTA TECH PAYROLL","","Misc. Income",$41653.28,"",
"0001112223","CK",7/16/2024,($750.00),"Web Branch:TFR TO SV 0001112223","","Transfer",$40903.28,"budgeteer:apply=savings",
"0001112223","CK",7/17/2024,($205.96),"DEBITCARD: Event Tickets","","Entertainment",$40697.32,"",
"0001112223","CK",7/18/2024,($33.90),"DEBITCARD: Hardware Store","","Home",$40663.42,"",
"0001112223","CK",7/19/2024,($6.39),"DEBITCARD: Streaming Add-on","","Entertainment",$40657.03,"",
"0001112223","CK",7/19/2024,($8.73),"DEBITCARD: Streaming Add-on","","Entertainment",$40648.30,"",
"0001112223","CK",7/19/2024,($56.39),"DEBITCARD: Pharmacy","","Health",$40591.91,"",
"0001112223","CK",7/20/2024,($161.38),"DEBITCARD: Grocery Store","","Groceries",$40430.53,"",
"0001112223","CK",7/20/2024,($46.06),"DEBITCARD: Clothing Store","","Shopping",$40384.47,"",
"0001112223","CK",7/22/2024,($48.94),"ACH:WATER BILL","","Utilities",$40335.53,"",
"0001112223","CK",7/22/2024,$2.72,"DIVIDEND PAYMENT","","Misc. Income",$40338.25,"",
"0001112223","CK",7/22/2024,($44.05),"DEBITCARD: Pharmacy","","Health",$40294.20,"",
"0001112223","CK",7/22/2024,($136.33),"DEBITCARD: Event Tickets","","Entertainment",$40157.87,"",
"0001112223","CK",7/22/2024,($125.32),"DEBITCARD: Event Tickets","","Entertainment",$40032.55,"",
"0001112223","CK",7/24/2024,($1211.03),"ACH:CREDIT CARD PAYMENT","","Credit Card",$38821.52,"",
"0001112223","CK",7/24/2024,($104.90),"DEBITCARD: Event Tickets","","Entertainment",$38716.62,"",
"0001112223","CK",7/25/2024,($189.23),"DEBITCARD: Event Tickets","","Entertainment",$38527.39,"",
"0001112223","CK",7/28/2024,($51.93),"DEBITCARD: Pet Supplies","","Pets",$38475.46,"",
"0001112223","CK",7/29/2024,($9.21),"DEBITCARD: Ride Share","","Auto & Transport",$38466.25,"",
"0001112223","CK",7/29/2024,($75.19),"DEBITCARD: Hardware Store","","Home",$38391.06,"",
"0001112223","CK",7/31/2024,($27.64),"DEBITCARD: Restaurant","","Food & Drink",$38363.42,"",
"0001112223","CK",8/1/2024,$3800.00,"ACH:VISTA TECH PAYROLL","","Misc. Income",$42163.42,"",
"0001112223","CK",8/2/2024,($2189.00),"ACH:Redwood Grove RENT","","Mortgage / Rent",$39974.42,"",
"0001112223","CK",8/2/2024,($245.00),"ACH:HEALTH INSURANCE","","Insurance",$39729.42,"",
"0001112223","CK",8/2/2024,($70.79),"DEBITCARD: Gas Station","","Gas / Fuel",$39658.63,"",
"0001112223","CK",8/3/2024,($24.88),"DEBITCARD: Books","","Shopping",$39633.75,"",
"0001112223","CK",8/3/2024,($64.79),"DEBITCARD: Hardware Store","","Home",$39568.96,"",
"0001112223","CK",8/3/2024,($88.45),"DEBITCARD: Grocery Store","","Groceries",$39480.51,"",
"0001112223","CK",8/4/2024,($425.00),"ACH:AUTO LOAN PAYMENT","","Auto & Transport",$39055.51,"budgeteer:goal=Auto Loan Down-payment",
"0001112223","CK",8/4/2024,($48.79),"DEBITCARD: Pet Supplies","","Pets",$39006.72,"",
"0001112223","CK",8/5/2024,($79.99),"ACH:ISP INTERNET BILL","","Internet",$38926.73,"",
"0001112223","CK",8/7/2024,($39.99),"ACH:GYM MEMBERSHIP","","Health",$38886.74,"",
"0001112223","CK",8/7/2024,($62.98),"DEBITCARD: Grocery Store","","Groceries",$38823.76,"",
"0001112223","CK",8/7/2024,($3.78),"DEBITCARD: Coffee Shop","","Food & Drink",$38819.98,"",
"0001112223","CK",8/7/2024,($8.34),"DEBITCARD: Coffee Shop","","Food & Drink",$38811.64,"",
"0001112223","CK",8/8/2024,($19.99),"ACH:STREAMING SUBSCRIPTION","","Entertainment",$38791.65,"",
"0001112223","CK",8/8/2024,($8.01),"DEBITCARD: Coffee Shop","","Food & Drink",$38783.64,"",
"0001112223","CK",8/10/2024,$437.50,"ACH:MOONLIGHT GIG","","Misc. Income",$39221.14,"Side work",
"0001112223","CK",8/10/2024,($3.84),"DEBITCARD: Coffee Shop","","Food & Drink",$39217.30,"",
"0001112223","CK",8/11/2024,($68.00),"ACH:MOBILE PHONE","","Utilities",$39149.30,"",
"0001112223","CK",8/11/2024,($5.60),"DEBITCARD: Coffee Shop","","Food & Drink",$39143.70,"",
"0001112223","CK",8/12/2024,($86.11),"DEBITCARD: Event Tickets","","Entertainment",$39057.59,"",
"0001112223","CK",8/12/2024,($14.28),"DEBITCARD: Ride Share","","Auto & Transport",$39043.31,"",
"0001112223","CK",8/13/2024,($210.00),"ACH:STUDENT LOAN SERVICER","","Loans",$38833.31,"",
"0001112223","CK",8/13/2024,($196.10),"ACH:ELECTRIC BILL","","Utilities",$38637.21,"",
"0001112223","CK",8/13/2024,($32.35),"DEBITCARD: Hardware Store","","Home",$38604.86,"",
"0001112223","CK",8/13/2024,($4.26),"DEBITCARD: Coffee Shop","","Food & Drink",$38600.60,"",
"0001112223","CK",8/14/2024,($207.61),"DEBITCARD: Grocery Store","","Groceries",$38392.99,"",
"0001112223","CK",8/14/2024,($3.30),"DEBITCARD: Coffee Shop","","Food & Drink",$38389.69,"",
"0001112223","CK",8/15/2024,$3800.00,"ACH:VISTA TECH PAYROLL","","Misc. Income",$42189.69,"",
"0001112223","CK",8/15/2024,($73.24),"DEBITCARD: Gas Station","","Gas / Fuel",$42116.45,"",
"0001112223","CK",8/15/2024,($68.51),"DEBITCARD: Clothing Store","","Shopping",$42047.94,"",
"0001112223","CK",8/16/2024,($750.00),"Web Branch:TFR TO SV 0001112223","","Transfer",$41297.94,"budgeteer:apply=savings",
"0001112223","CK",8/17/2024,($180.36),"DEBITCARD: Event Tickets","","Entertainment",$41117.58,"",
"0001112223","CK",8/19/2024,($7.59),"DEBITCARD: Coffee Shop","","Food & Drink",$41109.99,"",
"0001112223","CK",8/19/2024,($67.75),"DEBITCARD: Gas Station","","Gas / Fuel",$41042.24,"",
"0001112223","CK",8/19/2024,($59.48),"DEBITCARD: Restaurant","","Food & Drink",$40982.76,"",
"0001112223","CK",8/20/2024,($3.82),"DEBITCARD: Coffee Shop","","Food & Drink",$40978.94,"",
"0001112223","CK",8/21/2024,($45.09),"ACH:WATER BILL","","Utilities",$40933.85,"",
"0001112223","CK",8/22/2024,($7.10),"DEBITCARD: Coffee Shop","","Food & Drink",$40926.75,"",
"0001112223","CK",8/23/2024,($4.07),"DEBITCARD: Coffee Shop","","Food & Drink",$40922.68,"",
"0001112223","CK",8/24/2024,($213.36),"DEBITCARD: Event Tickets","","Entertainment",$40709.32,"",
"0001112223","CK",8/25/2024,($53.75),"DEBITCARD: Pet Supplies","","Pets",$40655.57,"",
"0001112223","CK",8/25/2024,($6.11),"DEBITCARD: Coffee Shop","","Food & Drink",$40649.46,"",
"0001112223","CK",8/26/2024,($860.96),"ACH:CREDIT CARD PAYMENT","","Credit Card",$39788.50,"",
"0001112223","CK",8/26/2024,($12.17),"DEBITCARD: Ride Share","","Auto & Transport",$39776.33,"",
"0001112223","CK",8/26/2024,($11.93),"DEBITCARD: Books","","Shopping",$39764.40,"",
"0001112223","CK",8/27/2024,($172.39),"DEBITCARD: Grocery Store","","Groceries",$39592.01,"",
"0001112223","CK",8/27/2024,($44.11),"DEBITCARD: Restaurant","","Food & Drink",$39547.90,"",
"0001112223","CK",8/27/2024,($30.67),"DEBITCARD: Gas Station","","Gas / Fuel",$39517.23,"",
"0001112223","CK",8/28/2024,($61.51),"DEBITCARD: Pharmacy","","Health",$39455.72,"",
"0001112223","CK",9/1/2024,$3800.00,"ACH:VISTA TECH PAYROLL","","Misc. Income",$43255.72,"",
"0001112223","CK",9/1/2024,($245.00),"ACH:HEALTH INSURANCE","","Insurance",$43010.72,"",
"0001112223","CK",9/1/2024,($15.88),"DEBITCARD: Pet Supplies","","Pets",$42994.84,"",
"0001112223","CK",9/1/2024,($54.16),"DEBITCARD: Hardware Store","","Home",$42940.68,"",
"0001112223","CK",9/1/2024,($20.25),"DEBITCARD: Pharmacy","","Health",$42920.43,"",
"0001112223","CK",9/2/2024,($2189.00),"ACH:Redwood Grove RENT","","Mortgage / Rent",$40731.43,"",
"0001112223","CK",9/2/2024,($7.16),"DEBITCARD: Streaming Add-on","","Entertainment",$40724.27,"",
"0001112223","CK",9/4/2024,($425.00),"ACH:AUTO LOAN PAYMENT","","Auto & Transport",$40299.27,"budgeteer:goal=Auto Loan Down-payment",
"0001112223","CK",9/4/2024,($42.47),"DEBITCARD: Clothing Store","","Shopping",$40256.80,"",
"0001112223","CK",9/4/2024,($17.97),"DEBITCARD: Books","","Shopping",$40238.83,"",
"0001112223","CK",9/5/2024,($7.63),"DEBITCARD: Coffee Shop","","Food & Drink",$40231.20,"",
"0001112223","CK",9/5/2024,($9.78),"DEBITCARD: Streaming Add-on","","Entertainment",$40221.42,"",
"0001112223","CK",9/6/2024,($79.99),"ACH:ISP INTERNET BILL","","Internet",$40141.43,"",
"0001112223","CK",9/6/2024,($9.54),"DEBITCARD: Streaming Add-on","","Entertainment",$40131.89,"",
"0001112223","CK",9/7/2024,($39.99),"ACH:GYM MEMBERSHIP","","Health",$40091.90,"",
"0001112223","CK",9/8/2024,($34.49),"DEBITCARD: Gas Station","","Gas / Fuel",$40057.41,"",
"0001112223","CK",9/9/2024,($68.00),"ACH:MOBILE PHONE","","Utilities",$39989.41,"",
"0001112223","CK",9/10/2024,($19.99),"ACH:STREAMING SUBSCRIPTION","","Entertainment",$39969.42,"",
"0001112223","CK",9/10/2024,($19.11),"DEBITCARD: Restaurant","","Food & Drink",$39950.31,"",
"0001112223","CK",9/10/2024,($34.71),"DEBITCARD: Restaurant","","Food & Drink",$39915.60,"",
"0001112223","CK",9/11/2024,($32.90),"DEBITCARD: Restaurant","","Food & Drink",$39882.70,"",
"0001112223","CK",9/12/2024,($210.00),"ACH:STUDENT LOAN SERVICER","","Loans",$39672.70,"",
"0001112223","CK",9/12/2024,($211.60),"ACH:ELECTRIC BILL","","Utilities",$39461.10,"",
"0001112223","CK",9/12/2024,$601.76,"ACH:MOONLIGHT GIG","","Misc. Income",$40062.86,"Side work",
"0001112223","CK",9/12/2024,($173.24),"DEBITCARD: Grocery Store","","Groceries",$39889.62,"",
"0001112223","CK",9/12/2024,($29.18),"DEBITCARD: Restaurant","","Food & Drink",$39860.44,"",
"0001112223","CK",9/13/2024,($216.55),"DEBITCARD: Event Tickets","","Entertainment",$39643.89,"",
"0001112223","CK",9/13/2024,($33.03),"DEBITCARD: Pharmacy","","Health",$39610.86,"",
"0001112223","CK",9/15/2024,$3800.00,"ACH:VISTA TECH PAYROLL","","Misc. Income",$43410.86,"",
"0001112223","CK",9/15/2024,($750.00),"Web Branch:TFR TO SV 0001112223","","Transfer",$42660.86,"budgeteer:apply=savings",
"0001112223","CK",9/17/2024,($19.52),"DEBITCARD: Ride Share","","Auto & Transport",$42641.34,"",
"0001112223","CK",9/18/2024,($49.10),"DEBITCARD: Hardware Store","","Home",$42592.24,"",
"0001112223","CK",9/19/2024,($26.47),"DEBITCARD: Clothing Store","","Shopping",$42565.77,"",
"0001112223","CK",9/20/2024,($41.23),"ACH:WATER BILL","","Utilities",$42524.54,"",
"0001112223","CK",9/20/2024,($185.69),"DEBITCARD: Grocery Store","","Groceries",$42338.85,"",
"0001112223","CK",9/22/2024,($5.51),"DEBITCARD: Coffee Shop","","Food & Drink",$42333.34,"",
"0001112223","CK",9/23/2024,($1710.88),"ACH:CREDIT CARD PAYMENT","","Credit Card",$40622.46,"",
"0001112223","CK",9/23/2024,($26.66),"DEBITCARD: Ride Share","","Auto & Transport",$40595.80,"",
"0001112223","CK",9/24/2024,($216.43),"DEBITCARD: Event Tickets","","Entertainment",$40379.37,"",
"0001112223","CK",9/24/2024,($8.81),"DEBITCARD: Coffee Shop","","Food & Drink",$40370.56,"",
"0001112223","CK",9/25/2024,($47.90),"DEBITCARD: Pet Supplies","","Pets",$40322.66,"",
"0001112223","CK",9/25/2024,($74.67),"DEBITCARD: Hardware Store","","Home",$40247.99,"",
"0001112223","CK",9/25/2024,($42.60),"DEBITCARD: Restaurant","","Food & Drink",$40205.39,"",
"0001112223","CK",9/27/2024,($49.01),"DEBITCARD: Pharmacy","","Health",$40156.38,"",
"0001112223","CK",9/28/2024,($15.83),"DEBITCARD: Ride Share","","Auto & Transport",$40140.55,"",
"0001112223","CK",9/28/2024,($65.64),"DEBITCARD: Gas Station","","Gas / Fuel",$40074.91,"",
"0001112223","CK",9/29/2024,($56.80),"DEBITCARD: Event Tickets","","Entertainment",$40018.11,"",
"0001112223","CK",9/29/2024,($9.73),"DEBITCARD: Streaming Add-on","","Entertainment",$40008.38,"",
"0001112223","CK",9/29/2024,($60.13),"DEBITCARD: Hardware Store","","Home",$39948.25,"",
"0001112223","CK",9/30/2024,($5.31),"DEBITCARD: Streaming Add-on","","Entertainment",$39942.94,"",
"0001112223","CK",10/1/2024,$3800.00,"ACH:VISTA TECH PAYROLL","","Misc. Income",$43742.94,"",
"0001112223","CK",10/2/2024,($2189.00),"ACH:Redwood Grove RENT","","Mortgage / Rent",$41553.94,"",
"0001112223","CK",10/2/2024,($245.00),"ACH:HEALTH INSURANCE","","Insurance",$41308.94,"",
"0001112223","CK",10/3/2024,($52.15),"DEBITCARD: Gas Station","","Gas / Fuel",$41256.79,"",
"0001112223","CK",10/3/2024,($19.90),"DEBITCARD: Restaurant","","Food & Drink",$41236.89,"",
"0001112223","CK",10/4/2024,($7.32),"DEBITCARD: Coffee Shop","","Food & Drink",$41229.57,"",
"0001112223","CK",10/4/2024,($43.62),"DEBITCARD: Pet Supplies","","Pets",$41185.95,"",
"0001112223","CK",10/5/2024,($42.77),"DEBITCARD: Restaurant","","Food & Drink",$41143.18,"",
"0001112223","CK",10/6/2024,($425.00),"ACH:AUTO LOAN PAYMENT","","Auto & Transport",$40718.18,"budgeteer:goal=Auto Loan Down-payment",
"0001112223","CK",10/6/2024,($79.99),"ACH:ISP INTERNET BILL","","Internet",$40638.19,"",
"0001112223","CK",10/6/2024,$766.01,"ACH:MOONLIGHT GIG","","Misc. Income",$41404.20,"Side work",
"0001112223","CK",10/6/2024,($5.45),"DEBITCARD: Streaming Add-on","","Entertainment",$41398.75,"",
"0001112223","CK",10/6/2024,($26.96),"DEBITCARD: Pet Supplies","","Pets",$41371.79,"",
"0001112223","CK",10/8/2024,($39.99),"ACH:GYM MEMBERSHIP","","Health",$41331.80,"",
"0001112223","CK",10/8/2024,($33.59),"DEBITCARD: Books","","Shopping",$41298.21,"",
"0001112223","CK",10/8/2024,($41.29),"DEBITCARD: Pet Supplies","","Pets",$41256.92,"",
"0001112223","CK",10/9/2024,($19.99),"ACH:STREAMING SUBSCRIPTION","","Entertainment",$41236.93,"",
"0001112223","CK",10/9/2024,($63.44),"DEBITCARD: Hardware Store","","Home",$41173.49,"",
"0001112223","CK",10/9/2024,($8.74),"DEBITCARD: Coffee Shop","","Food & Drink",$41164.75,"",
"0001112223","CK",10/10/2024,($68.00),"ACH:MOBILE PHONE","","Utilities",$41096.75,"",
"0001112223","CK",10/10/2024,($33.25),"DEBITCARD: Clothing Store","","Shopping",$41063.50,"",
"0001112223","CK",10/10/2024,($101.79),"DEBITCARD: Event Tickets","","Entertainment",$40961.71,"",
"0001112223","CK",10/10/2024,($180.98),"DEBITCARD: Event Tickets","","Entertainment",$40780.73,"",
"0001112223","CK",10/11/2024,($210.00),"ACH:STUDENT LOAN SERVICER","","Loans",$40570.73,"",
"0001112223","CK",10/11/2024,($132.10),"ACH:ELECTRIC BILL","","Utilities",$40438.63,"",
"0001112223","CK",10/11/2024,($42.10),"DEBITCARD: Pet Supplies","","Pets",$40396.53,"",
"0001112223","CK",10/11/2024,($39.80),"DEBITCARD: Pet Supplies","","Pets",$40356.73,"",
"0001112223","CK",10/12/2024,($76.89),"DEBITCARD: Grocery Store","","Groceries",$40279.84,"",
"0001112223","CK",10/12/2024,($28.02),"DEBITCARD: Hardware Store","","Home",$40251.82,"",
"0001112223","CK",10/13/2024,($7.68),"DEBITCARD: Streaming Add-on","","Entertainment",$40244.14,"",
"0001112223","CK",10/14/2024,($93.89),"DEBITCARD: Grocery Store","","Groceries",$40150.25,"",
"0001112223","CK",10/15/2024,$3800.00,"ACH:VISTA TECH PAYROLL","","Misc. Income",$43950.25,"",
"0001112223","CK",10/15/2024,($750.00),"Web Branch:TFR TO SV 0001112223","","Transfer",$43200.25,"budgeteer:apply=savings",
"0001112223","CK",10/15/2024,($18.81),"DEBITCARD: Ride Share","","Auto & Transport",$43181.44,"",
"0001112223","CK",10/16/2024,($51.13),"DEBITCARD: Hardware Store","","Home",$43130.31,"",
"0001112223","CK",10/16/2024,($105.37),"DEBITCARD: Clothing Store","","Shopping",$43024.94,"",
"0001112223","CK",10/16/2024,($163.05),"DEBITCARD: Event Tickets","","Entertainment",$42861.89,"",
"0001112223","CK",10/17/2024,($170.77),"DEBITCARD: Grocery Store","","Groceries",$42691.12,"",
"0001112223","CK",10/18/2024,($9.98),"DEBITCARD: Coffee Shop","","Food & Drink",$42681.14,"",
"0001112223","CK",10/19/2024,($5.94),"DEBITCARD: Streaming Add-on","","Entertainment",$42675.20,"",
"0001112223","CK",10/19/2024,($47.92),"DEBITCARD: Restaurant","","Food & Drink",$42627.28,"",
"0001112223","CK",10/20/2024,($50.38),"ACH:WATER BILL","","Utilities",$42576.90,"",
"0001112223","CK",10/20/2024,($60.58),"DEBITCARD: Hardware Store","","Home",$42516.32,"",
"0001112223","CK",10/22/2024,$434.51,"ACH:MOONLIGHT GIG","","Misc. Income",$42950.83,"Side work",
"0001112223","CK",10/24/2024,($1360.81),"ACH:CREDIT CARD PAYMENT","","Credit Card",$41590.02,"",
"0001112223","CK",10/24/2024,($58.26),"DEBITCARD: Hardware Store","","Home",$41531.76,"",
"0001112223","CK",10/26/2024,($107.52),"DEBITCARD: Event Tickets","","Entertainment",$41424.24,"",
"0001112223","CK",10/27/2024,($32.62),"DEBITCARD: Books","","Shopping",$41391.62,"",
"0001112223","CK",10/27/2024,($137.73),"DEBITCARD: Grocery Store","","Groceries",$41253.89,"",
"0001112223","CK",10/29/2024,($17.66),"DEBITCARD: Pharmacy","","Health",$41236.23,"",
"0001112223","CK",11/1/2024,$3800.00,"ACH:VISTA TECH PAYROLL","","Misc. Income",$45036.23,"",
"0001112223","CK",11/1/2024,($245.00),"ACH:HEALTH INSURANCE","","Insurance",$44791.23,"",
"0001112223","CK",11/2/2024,($2189.00),"ACH:Redwood Grove RENT","","Mortgage / Rent",$42602.23,"",
"0001112223","CK",11/2/2024,($63.83),"DEBITCARD: Gas Station","","Gas / Fuel",$42538.40,"",
"0001112223","CK",11/3/2024,($145.83),"DEBITCARD: Event Tickets","","Entertainment",$42392.57,"",
"0001112223","CK",11/3/2024,($26.37),"DEBITCARD: Books","","Shopping",$42366.20,"",
"0001112223","CK",11/5/2024,($425.00),"ACH:AUTO LOAN PAYMENT","","Auto & Transport",$41941.20,"budgeteer:goal=Auto Loan Down-payment",
"0001112223","CK",11/5/2024,($94.33),"DEBITCARD: Grocery Store","","Groceries",$41846.87,"",
"0001112223","CK",11/5/2024,($13.50),"DEBITCARD: Books","","Shopping",$41833.37,"",
"0001112223","CK",11/5/2024,($41.75),"DEBITCARD: Gas Station","","Gas / Fuel",$41791.62,"",
"0001112223","CK",11/5/2024,($36.35),"DEBITCARD: Pet Supplies","","Pets",$41755.27,"",
"0001112223","CK",11/6/2024,($79.99),"ACH:ISP INTERNET BILL","","Internet",$41675.28,"",
"0001112223","CK",11/6/2024,($57.75),"DEBITCARD: Event Tickets","","Entertainment",$41617.53,"",
"0001112223","CK",11/7/2024,$930.27,"ACH:MOONLIGHT GIG","","Misc. Income",$42547.80,"Side work",
"0001112223","CK",11/7/2024,($156.85),"DEBITCARD: Event Tickets","","Entertainment",$42390.95,"",
"0001112223","CK",11/8/2024,($39.99),"ACH:GYM MEMBERSHIP","","Health",$42350.96,"",
"0001112223","CK",11/8/2024,($19.99),"ACH:STREAMING SUBSCRIPTION","","Entertainment",$42330.97,"",
"0001112223","CK",11/8/2024,($200.01),"DEBITCARD: Grocery Store","","Groceries",$42130.96,"",
"0001112223","CK",11/8/2024,($75.72),"DEBITCARD: Hardware Store","","Home",$42055.24,"",
"0001112223","CK",11/9/2024,($68.00),"ACH:MOBILE PHONE","","Utilities",$41987.24,"",
"0001112223","CK",11/9/2024,($23.83),"DEBITCARD: Ride Share","","Auto & Transport",$41963.41,"",
"0001112223","CK",11/9/2024,($62.17),"DEBITCARD: Restaurant","","Food & Drink",$41901.24,"",
"0001112223","CK",11/10/2024,($79.25),"DEBITCARD: Grocery Store","","Groceries",$41821.99,"",
"0001112223","CK",11/11/2024,($57.76),"DEBITCARD: Restaurant","","Food & Drink",$41764.23,"",
"0001112223","CK",11/11/2024,($30.94),"DEBITCARD: Clothing Store","","Shopping",$41733.29,"",
"0001112223","CK",11/13/2024,($210.00),"ACH:STUDENT LOAN SERVICER","","Loans",$41523.29,"",
"0001112223","CK",11/13/2024,($121.58),"DEBITCARD: Grocery Store","","Groceries",$41401.71,"",
"0001112223","CK",11/15/2024,$3800.00,"ACH:VISTA TECH PAYROLL","","Misc. Income",$45201.71,"",
"0001112223","CK",11/15/2024,($147.61),"ACH:ELECTRIC BILL","","Utilities",$45054.10,"",
"0001112223","CK",11/15/2024,($36.62),"DEBITCARD: Event Tickets","","Entertainment",$45017.48,"",
"0001112223","CK",11/17/2024,($750.00),"Web Branch:TFR TO SV 0001112223","","Transfer",$44267.48,"budgeteer:apply=savings",
"0001112223","CK",11/17/2024,($22.41),"DEBITCARD: Ride Share","","Auto & Transport",$44245.07,"",
"0001112223","CK",11/18/2024,($129.65),"DEBITCARD: Grocery Store","","Groceries",$44115.42,"",
"0001112223","CK",11/18/2024,($8.63),"DEBITCARD: Books","","Shopping",$44106.79,"",
"0001112223","CK",11/19/2024,($26.38),"DEBITCARD: Books","","Shopping",$44080.41,"",
"0001112223","CK",11/21/2024,($180.58),"DEBITCARD: Grocery Store","","Groceries",$43899.83,"",
"0001112223","CK",11/21/2024,($38.36),"DEBITCARD: Pet Supplies","","Pets",$43861.47,"",
"0001112223","CK",11/23/2024,($39.03),"DEBITCARD: Clothing Store","","Shopping",$43822.44,"",
"0001112223","CK",11/23/2024,($64.15),"DEBITCARD: Pharmacy","","Health",$43758.29,"",
"0001112223","CK",11/23/2024,($63.43),"DEBITCARD: Gas Station","","Gas / Fuel",$43694.86,"",
"0001112223","CK",11/24/2024,($46.53),"ACH:WATER BILL","","Utilities",$43648.33,"",
"0001112223","CK",11/24/2024,($17.59),"DEBITCARD: Books","","Shopping",$43630.74,"",
"0001112223","CK",11/24/2024,($57.39),"DEBITCARD: Clothing Store","","Shopping",$43573.35,"",
"0001112223","CK",11/26/2024,($1010.74),"ACH:CREDIT CARD PAYMENT","","Credit Card",$42562.61,"",
"0001112223","CK",11/26/2024,$6.50,"DIVIDEND PAYMENT","","Misc. Income",$42569.11,"",
"0001112223","CK",11/26/2024,($7.14),"DEBITCARD: Streaming Add-on","","Entertainment",$42561.97,"",
"0001112223","CK",11/27/2024,($67.72),"DEBITCARD: Clothing Store","","Shopping",$42494.25,"",
"0001112223","CK",11/27/2024,($181.03),"DEBITCARD: Grocery Store","","Groceries",$42313.22,"",
"0001112223","CK",11/28/2024,($58.72),"DEBITCARD: Event Tickets","","Entertainment",$42254.50,"",
"0001112223","CK",11/30/2024,($75.95),"DEBITCARD: Hardware Store","","Home",$42178.55,"",
"0001112223","CK",12/1/2024,$3800.00,"ACH:VISTA TECH PAYROLL","","Misc. Income",$45978.55,"",
"0001112223","CK",12/1/2024,($39.52),"DEBITCARD: Pharmacy","","Health",$45939.03,"",
"0001112223","CK",12/1/2024,($47.99),"DEBITCARD: Pharmacy","","Health",$45891.04,"",
"0001112223","CK",12/1/2024,($39.52),"DEBITCARD: Clothing Store","","Shopping",$45851.52,"",
"0001112223","CK",12/2/2024,($2189.00),"ACH:Redwood Grove RENT","","Mortgage / Rent",$43662.52,"",
"0001112223","CK",12/2/2024,($245.00),"ACH:HEALTH INSURANCE","","Insurance",$43417.52,"",
"0001112223","CK",12/4/2024,($425.00),"ACH:AUTO LOAN PAYMENT","","Auto & Transport",$42992.52,"budgeteer:goal=Auto Loan Down-payment",
"0001112223","CK",12/6/2024,($79.99),"ACH:ISP INTERNET BILL","","Internet",$42912.53,"",
"0001112223","CK",12/6/2024,($49.32),"DEBITCARD: Pet Supplies","","Pets",$42863.21,"",
"0001112223","CK",12/6/2024,($8.19),"DEBITCARD: Pharmacy","","Health",$42855.02,"",
"0001112223","CK",12/7/2024,($30.52),"DEBITCARD: Gas Station","","Gas / Fuel",$42824.50,"",
"0001112223","CK",12/8/2024,$274.52,"ACH:MOONLIGHT GIG","","Misc. Income",$43099.02,"Side work",
"0001112223","CK",12/8/2024,($84.55),"DEBITCARD: Hardware Store","","Home",$43014.47,"",
"0001112223","CK",12/9/2024,($39.99),"ACH:GYM MEMBERSHIP","","Health",$42974.48,"",
"0001112223","CK",12/9/2024,($36.14),"DEBITCARD: Pet Supplies","","Pets",$42938.34,"",
"0001112223","CK",12/9/2024,($5.03),"DEBITCARD: Streaming Add-on","","Entertainment",$42933.31,"",
"0001112223","CK",12/9/2024,($33.23),"DEBITCARD: Pet Supplies","","Pets",$42900.08,"",
"0001112223","CK",12/10/2024,($19.99),"ACH:STREAMING SUBSCRIPTION","","Entertainment",$42880.09,"",
"0001112223","CK",12/10/2024,($68.00),"ACH:MOBILE PHONE","","Utilities",$42812.09,"",
"0001112223","CK",12/10/2024,($41.03),"DEBITCARD: Pet Supplies","","Pets",$42771.06,"",
"0001112223","CK",12/10/2024,($102.35),"DEBITCARD: Event Tickets","","Entertainment",$42668.71,"",
"0001112223","CK",12/12/2024,($210.00),"ACH:STUDENT LOAN SERVICER","","Loans",$42458.71,"",
"0001112223","CK",12/13/2024,($38.71),"DEBITCARD: Restaurant","","Food & Drink",$42420.00,"",
"0001112223","CK",12/13/2024,($98.34),"DEBITCARD: Grocery Store","","Groceries",$42321.66,"",
"0001112223","CK",12/13/2024,($8.49),"DEBITCARD: Streaming Add-on","","Entertainment",$42313.17,"",
"0001112223","CK",12/14/2024,($158.11),"ACH:ELECTRIC BILL","","Utilities",$42155.06,"",
"0001112223","CK",12/14/2024,($36.95),"DEBITCARD: Gas Station","","Gas / Fuel",$42118.11,"",
"0001112223","CK",12/15/2024,$3800.00,"ACH:VISTA TECH PAYROLL","","Misc. Income",$45918.11,"",
"0001112223","CK",12/15/2024,($12.18),"DEBITCARD: Pet Supplies","","Pets",$45905.93,"",
"0001112223","CK",12/16/2024,($116.71),"DEBITCARD: Clothing Store","","Shopping",$45789.22,"",
"0001112223","CK",12/16/2024,($35.62),"DEBITCARD: Gas Station","","Gas / Fuel",$45753.60,"",
"0001112223","CK",12/17/2024,($750.00),"Web Branch:TFR TO SV 0001112223","","Transfer",$45003.60,"budgeteer:apply=savings",
"0001112223","CK",12/18/2024,$526.71,"ACH:MOONLIGHT GIG","","Misc. Income",$45530.31,"Side work",
"0001112223","CK",12/19/2024,($32.09),"DEBITCARD: Gas Station","","Gas / Fuel",$45498.22,"",
"0001112223","CK",12/19/2024,($41.55),"DEBITCARD: Pet Supplies","","Pets",$45456.67,"",
"0001112223","CK",12/20/2024,($58.94),"DEBITCARD: Restaurant","","Food & Drink",$45397.73,"",
"0001112223","CK",12/20/2024,($88.91),"DEBITCARD: Event Tickets","","Entertainment",$45308.82,"",
"0001112223","CK",12/22/2024,($33.49),"DEBITCARD: Restaurant","","Food & Drink",$45275.33,"",
"0001112223","CK",12/22/2024,($19.61),"DEBITCARD: Restaurant","","Food & Drink",$45255.72,"",
"0001112223","CK",12/23/2024,($42.68),"ACH:WATER BILL","","Utilities",$45213.04,"",
"0001112223","CK",12/24/2024,($14.50),"DEBITCARD: Ride Share","","Auto & Transport",$45198.54,"",
"0001112223","CK",12/24/2024,($37.02),"DEBITCARD: Pharmacy","","Health",$45161.52,"",
"0001112223","CK",12/25/2024,($4.36),"DEBITCARD: Coffee Shop","","Food & Drink",$45157.16,"",
"0001112223","CK",12/26/2024,($10.49),"DEBITCARD: Streaming Add-on","","Entertainment",$45146.67,"",
"0001112223","CK",12/27/2024,($660.66),"ACH:CREDIT CARD PAYMENT","","Credit Card",$44486.01,"",
"0001112223","CK",12/27/2024,$5.63,"DIVIDEND PAYMENT","","Misc. Income",$44491.64,"",
"0001112223","CK",12/28/2024,($161.06),"DEBITCARD: Event Tickets","","Entertainment",$44330.58,"",
"0001112223","CK",12/29/2024,($196.12),"DEBITCARD: Event Tickets","","Entertainment",$44134.46,"",
"0001112223","CK",12/30/2024,($133.78),"DEBITCARD: Grocery Store","","Groceries",$44000.68,"",
"0001112223","CK",12/31/2024,($39.14),"DEBITCARD: Pharmacy","","Health",$43961.54,"",
"0001112223","CK",1/1/2025,$3950.00,"ACH:VISTA TECH PAYROLL","","Misc. Income",$47911.54,"",
"0001112223","CK",1/2/2025,($2189.00),"ACH:Redwood Grove RENT","","Mortgage / Rent",$45722.54,"",
"0001112223","CK",1/3/2025,($245.00),"ACH:HEALTH INSURANCE","","Insurance",$45477.54,"",
"0001112223","CK",1/4/2025,($18.62),"DEBITCARD: Books","","Shopping",$45458.92,"",
"0001112223","CK",1/4/2025,($29.81),"DEBITCARD: Books","","Shopping",$45429.11,"",
"0001112223","CK",1/6/2025,($425.00),"ACH:AUTO LOAN PAYMENT","","Auto & Transport",$45004.11,"budgeteer:goal=Auto Loan Down-payment",
"0001112223","CK",1/6/2025,($79.99),"ACH:ISP INTERNET BILL","","Internet",$44924.12,"",
"0001112223","CK",1/8/2025,($52.42),"DEBITCARD: Hardware Store","","Home",$44871.70,"",
"0001112223","CK",1/8/2025,($4.14),"DEBITCARD: Coffee Shop","","Food & Drink",$44867.56,"",
"0001112223","CK",1/9/2025,($39.99),"ACH:GYM MEMBERSHIP","","Health",$44827.57,"",
"0001112223","CK",1/9/2025,($21.15),"DEBITCARD: Hardware Store","","Home",$44806.42,"",
"0001112223","CK",1/10/2025,($19.99),"ACH:STREAMING SUBSCRIPTION","","Entertainment",$44786.43,"",
"0001112223","CK",1/11/2025,($68.00),"ACH:MOBILE PHONE","","Utilities",$44718.43,"",
"0001112223","CK",1/11/2025,($7.29),"DEBITCARD: Ride Share","","Auto & Transport",$44711.14,"",
"0001112223","CK",1/11/2025,($8.59),"DEBITCARD: Ride Share","","Auto & Transport",$44702.55,"",
"0001112223","CK",1/11/2025,($40.95),"DEBITCARD: Hardware Store","","Home",$44661.60,"",
"0001112223","CK",1/12/2025,($210.00),"ACH:STUDENT LOAN SERVICER","","Loans",$44451.60,"",
"0001112223","CK",1/12/2025,($23.02),"DEBITCARD: Books","","Shopping",$44428.58,"",
"0001112223","CK",1/12/2025,($67.83),"DEBITCARD: Gas Station","","Gas / Fuel",$44360.75,"",
"0001112223","CK",1/12/2025,($15.36),"DEBITCARD: Pet Supplies","","Pets",$44345.39,"",
"0001112223","CK",1/13/2025,($173.61),"ACH:ELECTRIC BILL","","Utilities",$44171.78,"",
"0001112223","CK",1/14/2025,($43.64),"DEBITCARD: Gas Station","","Gas / Fuel",$44128.14,"",
"0001112223","CK",1/14/2025,($49.41),"DEBITCARD: Restaurant","","Food & Drink",$44078.73,"",
"0001112223","CK",1/15/2025,$3800.00,"ACH:VISTA TECH PAYROLL","","Misc. Income",$47878.73,"",
"0001112223","CK",1/15/2025,($24.73),"DEBITCARD: Hardware Store","","Home",$47854.00,"",
"0001112223","CK",1/15/2025,($9.65),"DEBITCARD: Pharmacy","","Health",$47844.35,"",
"0001112223","CK",1/16/2025,($750.00),"Web Branch:TFR TO SV 0001112223","","Transfer",$47094.35,"budgeteer:apply=savings",
"0001112223","CK",1/16/2025,($56.63),"DEBITCARD: Restaurant","","Food & Drink",$47037.72,"",
"0001112223","CK",1/17/2025,($63.71),"DEBITCARD: Pharmacy","","Health",$46974.01,"",
"0001112223","CK",1/18/2025,($43.31),"DEBITCARD: Pet Supplies","","Pets",$46930.70,"",
"0001112223","CK",1/19/2025,($53.54),"DEBITCARD: Gas Station","","Gas / Fuel",$46877.16,"",
"0001112223","CK",1/19/2025,($22.46),"DEBITCARD: Ride Share","","Auto & Transport",$46854.70,"",
"0001112223","CK",1/21/2025,($85.71),"DEBITCARD: Event Tickets","","Entertainment",$46768.99,"",
"0001112223","CK",1/21/2025,($38.18),"DEBITCARD: Pet Supplies","","Pets",$46730.81,"",
"0001112223","CK",1/22/2025,($38.83),"ACH:WATER BILL","","Utilities",$46691.98,"",
"0001112223","CK",1/23/2025,($8.06),"DEBITCARD: Streaming Add-on","","Entertainment",$46683.92,"",
"0001112223","CK",1/23/2025,($42.64),"DEBITCARD: Event Tickets","","Entertainment",$46641.28,"",
"0001112223","CK",1/23/2025,($49.66),"DEBITCARD: Hardware Store","","Home",$46591.62,"",
"0001112223","CK",1/24/2025,($1510.59),"ACH:CREDIT CARD PAYMENT","","Credit Card",$45081.03,"",
"0001112223","CK",1/24/2025,($58.08),"DEBITCARD: Pharmacy","","Health",$45022.95,"",
"0001112223","CK",1/24/2025,($31.38),"DEBITCARD: Clothing Store","","Shopping",$44991.57,"",
"0001112223","CK",1/25/2025,($14.40),"DEBITCARD: Books","","Shopping",$44977.17,"",
"0001112223","CK",1/27/2025,($216.53),"DEBITCARD: Event Tickets","","Entertainment",$44760.64,"",
"0001112223","CK",1/28/2025,($79.24),"DEBITCARD: Hardware Store","","Home",$44681.40,"",
"0001112223","CK",1/29/2025,($153.93),"DEBITCARD: Event Tickets","","Entertainment",$44527.47,"",
"0001112223","CK",1/29/2025,($92.20),"DEBITCARD: Clothing Store","","Shopping",$44435.27,"",
"0001112223","CK",1/29/2025,($8.37),"DEBITCARD: Coffee Shop","","Food & Drink",$44426.90,"",
"0001112223","CK",1/30/2025,($6.32),"DEBITCARD: Coffee Shop","","Food & Drink",$44420.58,"",
"0001112223","CK",1/30/2025,($21.42),"DEBITCARD: Books","","Shopping",$44399.16,"",
"0001112223","CK",1/31/2025,($199.02),"DEBITCARD: Grocery Store","","Groceries",$44200.14,"",
"0001112223","CK",2/1/2025,$3800.00,"ACH:VISTA TECH PAYROLL","","Misc. Income",$48000.14,"",
"0001112223","CK",2/1/2025,($13.71),"DEBITCARD: Books","","Shopping",$47986.43,"",
"0001112223","CK",2/2/2025,($2189.00),"ACH:Redwood Grove RENT","","Mortgage / Rent",$45797.43,"",
"0001112223","CK",2/2/2025,($245.00),"ACH:HEALTH INSURANCE","","Insurance",$45552.43,"",
"0001112223","CK",2/2/2025,($6.14),"DEBITCARD: Coffee Shop","","Food & Drink",$45546.29,"",
"0001112223","CK",2/2/2025,($48.90),"DEBITCARD: Hardware Store","","Home",$45497.39,"",
"0001112223","CK",2/4/2025,($89.99),"DEBITCARD: Clothing Store","","Shopping",$45407.40,"",
"0001112223","CK",2/4/2025,($26.05),"DEBITCARD: Ride Share","","Auto & Transport",$45381.35,"",
"0001112223","CK",2/4/2025,($22.07),"DEBITCARD: Clothing Store","","Shopping",$45359.28,"",
"0001112223","CK",2/5/2025,($425.00),"ACH:AUTO LOAN PAYMENT","","Auto & Transport",$44934.28,"budgeteer:goal=Auto Loan Down-payment",
"0001112223","CK",2/6/2025,($79.99),"ACH:ISP INTERNET BILL","","Internet",$44854.29,"",
"0001112223","CK",2/6/2025,($17.86),"DEBITCARD: Books","","Shopping",$44836.43,"",
"0001112223","CK",2/7/2025,($39.99),"ACH:GYM MEMBERSHIP","","Health",$44796.44,"",
"0001112223","CK",2/8/2025,($6.32),"DEBITCARD: Streaming Add-on","","Entertainment",$44790.12,"",
"0001112223","CK",2/8/2025,($18.50),"DEBITCARD: Pharmacy","","Health",$44771.62,"",
"0001112223","CK",2/8/2025,($39.78),"DEBITCARD: Restaurant","","Food & Drink",$44731.84,"",
"0001112223","CK",2/9/2025,($19.99),"ACH:STREAMING SUBSCRIPTION","","Entertainment",$44711.85,"",
"0001112223","CK",2/10/2025,($68.00),"ACH:MOBILE PHONE","","Utilities",$44643.85,"",
"0001112223","CK",2/10/2025,($33.18),"DEBITCARD: Pharmacy","","Health",$44610.67,"",
"0001112223","CK",2/11/2025,($210.00),"ACH:STUDENT LOAN SERVICER","","Loans",$44400.67,"",
"0001112223","CK",2/11/2025,($22.40),"DEBITCARD: Books","","Shopping",$44378.27,"",
"0001112223","CK",2/12/2025,($189.11),"ACH:ELECTRIC BILL","","Utilities",$44189.16,"",
"0001112223","CK",2/12/2025,($47.18),"DEBITCARD: Clothing Store","","Shopping",$44141.98,"",
"0001112223","CK",2/13/2025,($80.06),"DEBITCARD: Clothing Store","","Shopping",$44061.92,"",
"0001112223","CK",2/14/2025,($73.53),"DEBITCARD: Gas Station","","Gas / Fuel",$43988.39,"",
"0001112223","CK",2/14/2025,($19.10),"DEBITCARD: Ride Share","","Auto & Transport",$43969.29,"",
"0001112223","CK",2/15/2025,$3800.00,"ACH:VISTA TECH PAYROLL","","Misc. Income",$47769.29,"",
"0001112223","CK",2/15/2025,($38.42),"DEBITCARD: Hardware Store","","Home",$47730.87,"",
"0001112223","CK",2/15/2025,($86.58),"DEBITCARD: Clothing Store","","Shopping",$47644.29,"",
"0001112223","CK",2/15/2025,($11.16),"DEBITCARD: Streaming Add-on","","Entertainment",$47633.13,"",
"0001112223","CK",2/16/2025,($750.00),"Web Branch:TFR TO SV 0001112223","","Transfer",$46883.13,"budgeteer:apply=savings",
"0001112223","CK",2/16/2025,($32.20),"DEBITCARD: Pharmacy","","Health",$46850.93,"",
"0001112223","CK",2/16/2025,($65.67),"DEBITCARD: Clothing Store","","Shopping",$46785.26,"",
"0001112223","CK",2/16/2025,($5.22),"DEBITCARD: Streaming Add-on","","Entertainment",$46780.04,"",
"0001112223","CK",2/17/2025,($61.85),"DEBITCARD: Restaurant","","Food & Drink",$46718.19,"",
"0001112223","CK",2/18/2025,($3.53),"DEBITCARD: Coffee Shop","","Food & Drink",$46714.66,"",
"0001112223","CK",2/20/2025,($35.93),"DEBITCARD: Clothing Store","","Shopping",$46678.73,"",
"0001112223","CK",2/20/2025,($9.51),"DEBITCARD: Pharmacy","","Health",$46669.22,"",
"0001112223","CK",2/21/2025,($52.73),"DEBITCARD: Hardware Store","","Home",$46616.49,"",
"0001112223","CK",2/22/2025,($47.98),"ACH:WATER BILL","","Utilities",$46568.51,"",
"0001112223","CK",2/23/2025,($77.47),"DEBITCARD: Gas Station","","Gas / Fuel",$46491.04,"",
"0001112223","CK",2/23/2025,($6.17),"DEBITCARD: Streaming Add-on","","Entertainment",$46484.87,"",
"0001112223","CK",2/24/2025,($8.11),"DEBITCARD: Streaming Add-on","","Entertainment",$46476.76,"",
"0001112223","CK",2/25/2025,($47.62),"DEBITCARD: Pet Supplies","","Pets",$46429.14,"",
"0001112223","CK",2/26/2025,($1160.52),"ACH:CREDIT CARD PAYMENT","","Credit Card",$45268.62,"",
"0001112223","CK",2/26/2025,($32.08),"DEBITCARD: Restaurant","","Food & Drink",$45236.54,"",
"0001112223","CK",2/26/2025,($148.50),"DEBITCARD: Grocery Store","","Groceries",$45088.04,"",
"0001112223","CK",2/26/2025,($71.07),"DEBITCARD: Clothing Store","","Shopping",$45016.97,"",
"0001112223","CK",2/27/2025,($10.23),"DEBITCARD: Streaming Add-on","","Entertainment",$45006.74,"",
"0001112223","CK",2/27/2025,($11.15),"DEBITCARD: Streaming Add-on","","Entertainment",$44995.59,"",
"0001112223","CK",3/1/2025,$3800.00,"ACH:VISTA TECH PAYROLL","","Misc. Income",$48795.59,"",
"0001112223","CK",3/1/2025,($34.18),"DEBITCARD: Pet Supplies","","Pets",$48761.41,"",
"0001112223","CK",3/1/2025,($43.04),"DEBITCARD: Pet Supplies","","Pets",$48718.37,"",
"0001112223","CK",3/2/2025,($2189.00),"ACH:Redwood Grove RENT","","Mortgage / Rent",$46529.37,"",
"0001112223","CK",3/2/2025,($164.11),"DEBITCARD: Event Tickets","","Entertainment",$46365.26,"",
"0001112223","CK",3/3/2025,($245.00),"ACH:HEALTH INSURANCE","","Insurance",$46120.26,"",
"0001112223","CK",3/3/2025,($31.41),"DEBITCARD: Restaurant","","Food & Drink",$46088.85,"",
"0001112223","CK",3/4/2025,($425.00),"ACH:AUTO LOAN PAYMENT","","Auto & Transport",$45663.85,"budgeteer:goal=Auto Loan Down-payment",
"0001112223","CK",3/4/2025,($51.16),"DEBITCARD: Hardware Store","","Home",$45612.69,"",
"0001112223","CK",3/5/2025,($60.22),"DEBITCARD: Clothing Store","","Shopping",$45552.47,"",
"0001112223","CK",3/5/2025,($119.45),"DEBITCARD: Clothing Store","","Shopping",$45433.02,"",
"0001112223","CK",3/6/2025,($79.99),"ACH:ISP INTERNET BILL","","Internet",$45353.03,"",
"0001112223","CK",3/7/2025,($39.99),"ACH:GYM MEMBERSHIP","","Health",$45313.04,"",
"0001112223","CK",3/7/2025,($27.48),"DEBITCARD: Ride Share","","Auto & Transport",$45285.56,"",
"0001112223","CK",3/8/2025,($19.99),"ACH:STREAMING SUBSCRIPTION","","Entertainment",$45265.57,"",
"0001112223","CK",3/8/2025,($11.03),"DEBITCARD: Pharmacy","","Health",$45254.54,"",
"0001112223","CK",3/8/2025,($47.47),"DEBITCARD: Pet Supplies","","Pets",$45207.07,"",
"0001112223","CK",3/10/2025,($68.42),"DEBITCARD: Gas Station","","Gas / Fuel",$45138.65,"",
"0001112223","CK",3/11/2025,($68.00),"ACH:MOBILE PHONE","","Utilities",$45070.65,"",
"0001112223","CK",3/11/2025,($129.61),"ACH:ELECTRIC BILL","","Utilities",$44941.04,"",
"0001112223","CK",3/13/2025,($210.00),"ACH:STUDENT LOAN SERVICER","","Loans",$44731.04,"",
"0001112223","CK",3/13/2025,($15.98),"DEBITCARD: Books","","Shopping",$44715.06,"",
"0001112223","CK",3/13/2025,($31.07),"DEBITCARD: Restaurant","","Food & Drink",$44683.99,"",
"0001112223","CK",3/14/2025,($157.95),"DEBITCARD: Grocery Store","","Groceries",$44526.04,"",
"0001112223","CK",3/14/2025,($52.89),"DEBITCARD: Pharmacy","","Health",$44473.15,"",
"0001112223","CK",3/15/2025,$3800.00,"ACH:VISTA TECH PAYROLL","","Misc. Income",$48273.15,"",
"0001112223","CK",3/15/2025,($750.00),"Web Branch:TFR TO SV 0001112223","","Transfer",$47523.15,"budgeteer:apply=savings",
"0001112223","CK",3/15/2025,($37.48),"DEBITCARD: Pharmacy","","Health",$47485.67,"",
"0001112223","CK",3/15/2025,($144.59),"DEBITCARD: Grocery Store","","Groceries",$47341.08,"",
"0001112223","CK",3/16/2025,($28.25),"DEBITCARD: Hardware Store","","Home",$47312.83,"",
"0001112223","CK",3/16/2025,($53.70),"DEBITCARD: Event Tickets","","Entertainment",$47259.13,"",
"0001112223","CK",3/18/2025,($48.37),"DEBITCARD: Pet Supplies","","Pets",$47210.76,"",
"0001112223","CK",3/19/2025,($47.48),"DEBITCARD: Restaurant","","Food & Drink",$47163.28,"",
"0001112223","CK",3/21/2025,($44.13),"ACH:WATER BILL","","Utilities",$47119.15,"",
"0001112223","CK",3/21/2025,($84.88),"DEBITCARD: Grocery Store","","Groceries",$47034.27,"",
"0001112223","CK",3/21/2025,($62.93),"DEBITCARD: Restaurant","","Food & Drink",$46971.34,"",
"0001112223","CK",3/22/2025,($59.40),"DEBITCARD: Gas Station","","Gas / Fuel",$46911.94,"",
"0001112223","CK",3/22/2025,($25.80),"DEBITCARD: Ride Share","","Auto & Transport",$46886.14,"",
"0001112223","CK",3/22/2025,($201.27),"DEBITCARD: Grocery Store","","Groceries",$46684.87,"",
"0001112223","CK",3/23/2025,($6.67),"DEBITCARD: Streaming Add-on","","Entertainment",$46678.20,"",
"0001112223","CK",3/24/2025,($27.93),"DEBITCARD: Restaurant","","Food & Drink",$46650.27,"",
"0001112223","CK",3/25/2025,($7.01),"DEBITCARD: Ride Share","","Auto & Transport",$46643.26,"",
"0001112223","CK",3/27/2025,($810.44),"ACH:CREDIT CARD PAYMENT","","Credit Card",$45832.82,"",
"0001112223","CK",3/27/2025,($144.09),"DEBITCARD: Grocery Store","","Groceries",$45688.73,"",
"0001112223","CK",3/27/2025,($27.13),"DEBITCARD: Books","","Shopping",$45661.60,"",
"0001112223","CK",3/28/2025,($57.17),"DEBITCARD: Hardware Store","","Home",$45604.43,"",
"0001112223","CK",3/30/2025,($10.90),"DEBITCARD: Streaming Add-on","","Entertainment",$45593.53,"",
"0001112223","CK",3/31/2025,($25.34),"DEBITCARD: Ride Share","","Auto & Transport",$45568.19,"",
"0001112223","CK",3/31/2025,($107.90),"DEBITCARD: Grocery Store","","Groceries",$45460.29,"",
"0001112223","CK",3/31/2025,($162.61),"DEBITCARD: Grocery Store","","Groceries",$45297.68,"",
"0001112223","CK",4/1/2025,$3800.00,"ACH:VISTA TECH PAYROLL","","Misc. Income",$49097.68,"",
"0001112223","CK",4/1/2025,($10.55),"DEBITCARD: Streaming Add-on","","Entertainment",$49087.13,"",
"0001112223","CK",4/1/2025,($76.43),"DEBITCARD: Gas Station","","Gas / Fuel",$49010.70,"",
"0001112223","CK",4/1/2025,($137.85),"DEBITCARD: Grocery Store","","Groceries",$48872.85,"",
"0001112223","CK",4/2/2025,($2189.00),"ACH:Redwood Grove RENT","","Mortgage / Rent",$46683.85,"",
"0001112223","CK",4/2/2025,($245.00),"ACH:HEALTH INSURANCE","","Insurance",$46438.85,"",
"0001112223","CK",4/2/2025,($144.80),"DEBITCARD: Event Tickets","","Entertainment",$46294.05,"",
"0001112223","CK",4/2/2025,($16.80),"DEBITCARD: Restaurant","","Food & Drink",$46277.25,"",
"0001112223","CK",4/3/2025,($17.00),"DEBITCARD: Ride Share","","Auto & Transport",$46260.25,"",
"0001112223","CK",4/4/2025,($425.00),"ACH:AUTO LOAN PAYMENT","","Auto & Transport",$45835.25,"budgeteer:goal=Auto Loan Down-payment",
"0001112223","CK",4/6/2025,($79.99),"ACH:ISP INTERNET BILL","","Internet",$45755.26,"",
"0001112223","CK",4/7/2025,($49.01),"DEBITCARD: Restaurant","","Food & Drink",$45706.25,"",
"0001112223","CK",4/8/2025,($39.99),"ACH:GYM MEMBERSHIP","","Health",$45666.26,"",
"0001112223","CK",4/8/2025,($49.85),"DEBITCARD: Hardware Store","","Home",$45616.41,"",
"0001112223","CK",4/8/2025,($91.30),"DEBITCARD: Event Tickets","","Entertainment",$45525.11,"",
"0001112223","CK",4/9/2025,($68.00),"ACH:MOBILE PHONE","","Utilities",$45457.11,"",
"0001112223","CK",4/10/2025,($19.99),"ACH:STREAMING SUBSCRIPTION","","Entertainment",$45437.12,"",
"0001112223","CK",4/11/2025,($6.75),"DEBITCARD: Streaming Add-on","","Entertainment",$45430.37,"",
"0001112223","CK",4/12/2025,($210.00),"ACH:STUDENT LOAN SERVICER","","Loans",$45220.37,"",
"0001112223","CK",4/13/2025,($27.21),"DEBITCARD: Books","","Shopping",$45193.16,"",
"0001112223","CK",4/14/2025,($121.92),"DEBITCARD: Grocery Store","","Groceries",$45071.24,"",
"0001112223","CK",4/15/2025,$3800.00,"ACH:VISTA TECH PAYROLL","","Misc. Income",$48871.24,"",
"0001112223","CK",4/15/2025,($145.12),"ACH:ELECTRIC BILL","","Utilities",$48726.12,"",
"0001112223","CK",4/15/2025,($25.94),"DEBITCARD: Ride Share","","Auto & Transport",$48700.18,"",
"0001112223","CK",4/16/2025,($9.67),"DEBITCARD: Streaming Add-on","","Entertainment",$48690.51,"",
"0001112223","CK",4/16/2025,($21.19),"DEBITCARD: Pet Supplies","","Pets",$48669.32,"",
"0001112223","CK",4/16/2025,($94.89),"DEBITCARD: Grocery Store","","Groceries",$48574.43,"",
"0001112223","CK",4/16/2025,($198.31),"DEBITCARD: Event Tickets","","Entertainment",$48376.12,"",
"0001112223","CK",4/17/2025,($750.00),"Web Branch:TFR TO SV 0001112223","","Transfer",$47626.12,"budgeteer:apply=savings",
"0001112223","CK",4/18/2025,($31.80),"DEBITCARD: Hardware Store","","Home",$47594.32,"",
"0001112223","CK",4/18/2025,($142.50),"DEBITCARD: Grocery Store","","Groceries",$47451.82,"",
"0001112223","CK",4/19/2025,($129.42),"DEBITCARD: Clothing Store","","Shopping",$47322.40,"",
"0001112223","CK",4/19/2025,($174.51),"DEBITCARD: Event Tickets","","Entertainment",$47147.89,"",
"0001112223","CK",4/20/2025,($40.28),"ACH:WATER BILL","","Utilities",$47107.61,"",
"0001112223","CK",4/20/2025,($9.28),"DEBITCARD: Streaming Add-on","","Entertainment",$47098.33,"",
"0001112223","CK",4/23/2025,($7.67),"DEBITCARD: Ride Share","","Auto & Transport",$47090.66,"",
"0001112223","CK",4/24/2025,($1660.37),"ACH:CREDIT CARD PAYMENT","","Credit Card",$45430.29,"",
"0001112223","CK",4/24/2025,($24.41),"DEBITCARD: Pet Supplies","","Pets",$45405.88,"",
"0001112223","CK",4/24/2025,($40.88),"DEBITCARD: Hardware Store","","Home",$45365.00,"",
"0001112223","CK",4/25/2025,($22.40),"DEBITCARD: Books","","Shopping",$45342.60,"",
"0001112223","CK",4/25/2025,($33.05),"DEBITCARD: Pet Supplies","","Pets",$45309.55,"",
"0001112223","CK",4/26/2025,($8.86),"DEBITCARD: Streaming Add-on","","Entertainment",$45300.69,"",
"0001112223","CK",4/26/2025,($41.24),"DEBITCARD: Gas Station","","Gas / Fuel",$45259.45,"",
"0001112223","CK",4/27/2025,($7.67),"DEBITCARD: Streaming Add-on","","Entertainment",$45251.78,"",
"0001112223","CK",4/28/2025,($43.75),"DEBITCARD: Pet Supplies","","Pets",$45208.03,"",
"0001112223","CK",4/28/2025,($16.04),"DEBITCARD: Restaurant","","Food & Drink",$45191.99,"",
"0001112223","CK",4/28/2025,($33.67),"DEBITCARD: Clothing Store","","Shopping",$45158.32,"",
"0001112223","CK",4/29/2025,($12.90),"DEBITCARD: Books","","Shopping",$45145.42,"",
"0001112223","CK",4/29/2025,($26.75),"DEBITCARD: Ride Share","","Auto & Transport",$45118.67,"",
"0001112223","CK",4/30/2025,($46.62),"DEBITCARD: Restaurant","","Food & Drink",$45072.05,"",
"0001112223","CK",5/1/2025,$3800.00,"ACH:VISTA TECH PAYROLL","","Misc. Income",$48872.05,"",
"0001112223","CK",5/1/2025,($158.59),"DEBITCARD: Event Tickets","","Entertainment",$48713.46,"",
"0001112223","CK",5/2/2025,($2189.00),"ACH:Redwood Grove RENT","","Mortgage / Rent",$46524.46,"",
"0001112223","CK",5/2/2025,($5.59),"DEBITCARD: Streaming Add-on","","Entertainment",$46518.87,"",
"0001112223","CK",5/2/2025,($15.73),"DEBITCARD: Pet Supplies","","Pets",$46503.14,"",
"0001112223","CK",5/2/2025,($15.83),"DEBITCARD: Books","","Shopping",$46487.31,"",
"0001112223","CK",5/3/2025,($245.00),"ACH:HEALTH INSURANCE","","Insurance",$46242.31,"",
"0001112223","CK",5/3/2025,($5.33),"DEBITCARD: Coffee Shop","","Food & Drink",$46236.98,"",
"0001112223","CK",5/3/2025,($67.92),"DEBITCARD: Hardware Store","","Home",$46169.06,"",
"0001112223","CK",5/6/2025,($425.00),"ACH:AUTO LOAN PAYMENT","","Auto & Transport",$45744.06,"budgeteer:goal=Auto Loan Down-payment",
"0001112223","CK",5/6/2025,($79.99),"ACH:ISP INTERNET BILL","","Internet",$45664.07,"",
"0001112223","CK",5/6/2025,$275.80,"ACH:MOONLIGHT GIG","","Misc. Income",$45939.87,"Side work",
"0001112223","CK",5/6/2025,($52.36),"DEBITCARD: Pet Supplies","","Pets",$45887.51,"",
"0001112223","CK",5/6/2025,($10.08),"DEBITCARD: Pharmacy","","Health",$45877.43,"",
"0001112223","CK",5/7/2025,($76.70),"DEBITCARD: Clothing Store","","Shopping",$45800.73,"",
"0001112223","CK",5/8/2025,($39.99),"ACH:GYM MEMBERSHIP","","Health",$45760.74,"",
"0001112223","CK",5/9/2025,($19.99),"ACH:STREAMING SUBSCRIPTION","","Entertainment",$45740.75,"",
"0001112223","CK",5/9/2025,($44.97),"DEBITCARD: Restaurant","","Food & Drink",$45695.78,"",
"0001112223","CK",5/9/2025,($169.97),"DEBITCARD: Event Tickets","","Entertainment",$45525.81,"",
"0001112223","CK",5/10/2025,($22.35),"DEBITCARD: Pharmacy","","Health",$45503.46,"",
"0001112223","CK",5/11/2025,($68.00),"ACH:MOBILE PHONE","","Utilities",$45435.46,"",
"0001112223","CK",5/11/2025,($210.00),"ACH:STUDENT LOAN SERVICER","","Loans",$45225.46,"",
"0001112223","CK",5/13/2025,($6.51),"DEBITCARD: Streaming Add-on","","Entertainment",$45218.95,"",
"0001112223","CK",5/14/2025,($120.62),"ACH:ELECTRIC BILL","","Utilities",$45098.33,"",
"0001112223","CK",5/14/2025,($17.73),"DEBITCARD: Restaurant","","Food & Drink",$45080.60,"",
"0001112223","CK",5/15/2025,$3800.00,"ACH:VISTA TECH PAYROLL","","Misc. Income",$48880.60,"",
"0001112223","CK",5/15/2025,($8.09),"DEBITCARD: Coffee Shop","","Food & Drink",$48872.51,"",
"0001112223","CK",5/17/2025,($750.00),"Web Branch:TFR TO SV 0001112223","","Transfer",$48122.51,"budgeteer:apply=savings",
"0001112223","CK",5/17/2025,($75.91),"DEBITCARD: Gas Station","","Gas / Fuel",$48046.60,"",
"0001112223","CK",5/18/2025,($79.58),"DEBITCARD: Clothing Store","","Shopping",$47967.02,"",
"0001112223","CK",5/20/2025,($49.43),"ACH:WATER BILL","","Utilities",$47917.59,"",
"0001112223","CK",5/20/2025,($124.05),"DEBITCARD: Event Tickets","","Entertainment",$47793.54,"",
"0001112223","CK",5/20/2025,($100.05),"DEBITCARD: Clothing Store","","Shopping",$47693.49,"",
"0001112223","CK",5/20/2025,($36.11),"DEBITCARD: Hardware Store","","Home",$47657.38,"",
"0001112223","CK",5/20/2025,($9.97),"DEBITCARD: Books","","Shopping",$47647.41,"",
"0001112223","CK",5/20/2025,($44.25),"DEBITCARD: Restaurant","","Food & Drink",$47603.16,"",
"0001112223","CK",5/20/2025,($13.36),"DEBITCARD: Books","","Shopping",$47589.80,"",
"0001112223","CK",5/22/2025,($35.35),"DEBITCARD: Hardware Store","","Home",$47554.45,"",
"0001112223","CK",5/23/2025,($14.05),"DEBITCARD: Books","","Shopping",$47540.40,"",
"0001112223","CK",5/24/2025,($83.12),"DEBITCARD: Clothing Store","","Shopping",$47457.28,"",
"0001112223","CK",5/25/2025,($56.46),"DEBITCARD: Gas Station","","Gas / Fuel",$47400.82,"",
"0001112223","CK",5/26/2025,($1310.30),"ACH:CREDIT CARD PAYMENT","","Credit Card",$46090.52,"",
"0001112223","CK",5/27/2025,$227.22,"ACH:MOONLIGHT GIG","","Misc. Income",$46317.74,"Side work",
"0001112223","CK",5/28/2025,$12.19,"DIVIDEND PAYMENT","","Misc. Income",$46329.93,"",
"0001112223","CK",5/28/2025,($12.08),"DEBITCARD: Ride Share","","Auto & Transport",$46317.85,"",
"0001112223","CK",5/28/2025,($193.73),"DEBITCARD: Grocery Store","","Groceries",$46124.12,"",
"0001112223","CK",5/28/2025,($136.69),"DEBITCARD: Grocery Store","","Groceries",$45987.43,"",
"0001112223","CK",5/28/2025,($24.58),"DEBITCARD: Ride Share","","Auto & Transport",$45962.85,"",
"0001112223","CK",5/28/2025,($21.58),"DEBITCARD: Books","","Shopping",$45941.27,"",
"0001112223","CK",5/29/2025,($48.92),"DEBITCARD: Restaurant","","Food & Drink",$45892.35,"",
"0001112223","CK",6/1/2025,$3800.00,"ACH:VISTA TECH PAYROLL","","Misc. Income",$49692.35,"",
"0001112223","CK",6/1/2025,($245.00),"ACH:HEALTH INSURANCE","","Insurance",$49447.35,"",
"0001112223","CK",6/2/2025,($2189.00),"ACH:Redwood Grove RENT","","Mortgage / Rent",$47258.35,"",
"0001112223","CK",6/2/2025,($39.09),"DEBITCARD: Gas Station","","Gas / Fuel",$47219.26,"",
"0001112223","CK",6/3/2025,($21.94),"DEBITCARD: Pet Supplies","","Pets",$47197.32,"",
"0001112223","CK",6/3/2025,($161.71),"DEBITCARD: Grocery Store","","Groceries",$47035.61,"",
"0001112223","CK",6/3/2025,($150.51),"DEBITCARD: Event Tickets","","Entertainment",$46885.10,"",
"0001112223","CK",6/4/2025,($9.21),"DEBITCARD: Ride Share","","Auto & Transport",$46875.89,"",
"0001112223","CK",6/5/2025,($425.00),"ACH:AUTO LOAN PAYMENT","","Auto & Transport",$46450.89,"budgeteer:goal=Auto Loan Down-payment",
"0001112223","CK",6/7/2025,($79.99),"ACH:ISP INTERNET BILL","","Internet",$46370.90,"",
"0001112223","CK",6/7/2025,$440.06,"ACH:MOONLIGHT GIG","","Misc. Income",$46810.96,"Side work",
"0001112223","CK",6/7/2025,($81.19),"DEBITCARD: Grocery Store","","Groceries",$46729.77,"",
"0001112223","CK",6/7/2025,($54.30),"DEBITCARD: Hardware Store","","Home",$46675.47,"",
"0001112223","CK",6/8/2025,($19.99),"ACH:STREAMING SUBSCRIPTION","","Entertainment",$46655.48,"",
"0001112223","CK",6/8/2025,($11.12),"DEBITCARD: Pharmacy","","Health",$46644.36,"",
"0001112223","CK",6/9/2025,($39.99),"ACH:GYM MEMBERSHIP","","Health",$46604.37,"",
"0001112223","CK",6/9/2025,($68.00),"ACH:MOBILE PHONE","","Utilities",$46536.37,"",
"0001112223","CK",6/9/2025,($22.58),"DEBITCARD: Ride Share","","Auto & Transport",$46513.79,"",
"0001112223","CK",6/9/2025,($28.91),"DEBITCARD: Books","","Shopping",$46484.88,"",
"0001112223","CK",6/10/2025,($22.55),"DEBITCARD: Restaurant","","Food & Drink",$46462.33,"",
"0001112223","CK",6/10/2025,($29.88),"DEBITCARD: Books","","Shopping",$46432.45,"",
"0001112223","CK",6/10/2025,($137.09),"DEBITCARD: Event Tickets","","Entertainment",$46295.36,"",
"0001112223","CK",6/12/2025,($154.49),"DEBITCARD: Grocery Store","","Groceries",$46140.87,"",
"0001112223","CK",6/13/2025,($210.00),"ACH:STUDENT LOAN SERVICER","","Loans",$45930.87,"",
"0001112223","CK",6/13/2025,($191.12),"ACH:ELECTRIC BILL","","Utilities",$45739.75,"",
"0001112223","CK",6/13/2025,($42.58),"DEBITCARD: Event Tickets","","Entertainment",$45697.17,"",
"0001112223","CK",6/13/2025,($37.54),"DEBITCARD: Clothing Store","","Shopping",$45659.63,"",
"0001112223","CK",6/15/2025,$3800.00,"ACH:VISTA TECH PAYROLL","","Misc. Income",$49459.63,"",
"0001112223","CK",6/15/2025,($32.52),"DEBITCARD: Books","","Shopping",$49427.11,"",
"0001112223","CK",6/16/2025,($750.00),"Web Branch:TFR TO SV 0001112223","","Transfer",$48677.11,"budgeteer:apply=savings",
"0001112223","CK",6/16/2025,($190.43),"DEBITCARD: Grocery Store","","Groceries",$48486.68,"",
"0001112223","CK",6/16/2025,($148.21),"DEBITCARD: Event Tickets","","Entertainment",$48338.47,"",
"0001112223","CK",6/16/2025,($121.02),"DEBITCARD: Clothing Store","","Shopping",$48217.45,"",
"0001112223","CK",6/17/2025,($24.02),"DEBITCARD: Restaurant","","Food & Drink",$48193.43,"",
"0001112223","CK",6/18/2025,($77.55),"DEBITCARD: Hardware Store","","Home",$48115.88,"",
"0001112223","CK",6/18/2025,($27.15),"DEBITCARD: Ride Share","","Auto & Transport",$48088.73,"",
"0001112223","CK",6/19/2025,($69.83),"DEBITCARD: Hardware Store","","Home",$48018.90,"",
"0001112223","CK",6/20/2025,($4.63),"DEBITCARD: Coffee Shop","","Food & Drink",$48014.27,"",
"0001112223","CK",6/20/2025,($37.32),"DEBITCARD: Clothing Store","","Shopping",$47976.95,"",
"0001112223","CK",6/21/2025,($13.59),"DEBITCARD: Pet Supplies","","Pets",$47963.36,"",
"0001112223","CK",6/21/2025,($5.83),"DEBITCARD: Coffee Shop","","Food & Drink",$47957.53,"",
"0001112223","CK",6/23/2025,($12.44),"DEBITCARD: Pharmacy","","Health",$47945.09,"",
"0001112223","CK",6/23/2025,($51.08),"DEBITCARD: Restaurant","","Food & Drink",$47894.01,"",
"0001112223","CK",6/23/2025,($40.74),"DEBITCARD: Pharmacy","","Health",$47853.27,"",
"0001112223","CK",6/24/2025,($45.57),"ACH:WATER BILL","","Utilities",$47807.70,"",
"0001112223","CK",6/24/2025,($16.47),"DEBITCARD: Ride Share","","Auto & Transport",$47791.23,"",
"0001112223","CK",6/27/2025,($960.22),"ACH:CREDIT CARD PAYMENT","","Credit Card",$46831.01,"",
"0001112223","CK",6/27/2025,($28.14),"DEBITCARD: Pet Supplies","","Pets",$46802.87,"",
"0001112223","CK",6/29/2025,($51.97),"DEBITCARD: Pet Supplies","","Pets",$46750.90,"",
"0001112223","CK",6/30/2025,($25.51),"DEBITCARD: Books","","Shopping",$46725.39,"",
"0001112223","CK",7/1/2025,$3800.00,"ACH:VISTA TECH PAYROLL","","Misc. Income",$50525.39,"",
"0001112223","CK",7/1/2025,($2189.00),"ACH:Redwood Grove RENT","","Mortgage / Rent",$48336.39,"",
"0001112223","CK",7/1/2025,($61.96),"DEBITCARD: Gas Station","","Gas / Fuel",$48274.43,"",
"0001112223","CK",7/2/2025,($21.38),"DEBITCARD: Restaurant","","Food & Drink",$48253.05,"",
"0001112223","CK",7/2/2025,($57.74),"DEBITCARD: Restaurant","","Food & Drink",$48195.31,"",
"0001112223","CK",7/3/2025,($245.00),"ACH:HEALTH INSURANCE","","Insurance",$47950.31,"",
"0001112223","CK",7/3/2025,($11.53),"DEBITCARD: Books","","Shopping",$47938.78,"",
"0001112223","CK",7/4/2025,($425.00),"ACH:AUTO LOAN PAYMENT","","Auto & Transport",$47513.78,"budgeteer:goal=Auto Loan Down-payment",
"0001112223","CK",7/4/2025,($24.49),"DEBITCARD: Ride Share","","Auto & Transport",$47489.29,"",
"0001112223","CK",7/7/2025,($79.99),"ACH:ISP INTERNET BILL","","Internet",$47409.30,"",
"0001112223","CK",7/7/2025,($10.80),"DEBITCARD: Ride Share","","Auto & Transport",$47398.50,"",
"0001112223","CK",7/8/2025,$604.31,"ACH:MOONLIGHT GIG","","Misc. Income",$48002.81,"Side work",
"0001112223","CK",7/8/2025,($29.39),"DEBITCARD: Clothing Store","","Shopping",$47973.42,"",
"0001112223","CK",7/8/2025,($24.38),"DEBITCARD: Restaurant","","Food & Drink",$47949.04,"",
"0001112223","CK",7/9/2025,($39.99),"ACH:GYM MEMBERSHIP","","Health",$47909.05,"",
"0001112223","CK",7/10/2025,($19.99),"ACH:STREAMING SUBSCRIPTION","","Entertainment",$47889.06,"",
"0001112223","CK",7/10/2025,($68.00),"ACH:MOBILE PHONE","","Utilities",$47821.06,"",
"0001112223","CK",7/11/2025,($89.26),"DEBITCARD: Clothing Store","","Shopping",$47731.80,"",
"0001112223","CK",7/11/2025,($80.79),"DEBITCARD: Hardware Store","","Home",$47651.01,"",
"0001112223","CK",7/11/2025,($67.77),"DEBITCARD: Gas Station","","Gas / Fuel",$47583.24,"",
"0001112223","CK",7/11/2025,($19.09),"DEBITCARD: Books","","Shopping",$47564.15,"",
"0001112223","CK",7/12/2025,($206.62),"ACH:ELECTRIC BILL","","Utilities",$47357.53,"",
"0001112223","CK",7/12/2025,($66.42),"DEBITCARD: Event Tickets","","Entertainment",$47291.11,"",
"0001112223","CK",7/12/2025,($27.37),"DEBITCARD: Books","","Shopping",$47263.74,"",
"0001112223","CK",7/13/2025,($210.00),"ACH:STUDENT LOAN SERVICER","","Loans",$47053.74,"",
"0001112223","CK",7/14/2025,($146.79),"DEBITCARD: Grocery Store","","Groceries",$46906.95,"",
"0001112223","CK",7/14/2025,($22.92),"DEBITCARD: Ride Share","","Auto & Transport",$46884.03,"",
"0001112223","CK",7/15/2025,$3800.00,"ACH:VISTA TECH PAYROLL","","Misc. Income",$50684.03,"",
"0001112223","CK",7/15/2025,($56.39),"DEBITCARD: Restaurant","","Food & Drink",$50627.64,"",
"0001112223","CK",7/15/2025,($195.55),"DEBITCARD: Event Tickets","","Entertainment",$50432.09,"",
"0001112223","CK",7/16/2025,($750.00),"Web Branch:TFR TO SV 0001112223","","Transfer",$49682.09,"budgeteer:apply=savings",
"0001112223","CK",7/16/2025,($142.29),"DEBITCARD: Grocery Store","","Groceries",$49539.80,"",
"0001112223","CK",7/16/2025,($43.25),"DEBITCARD: Restaurant","","Food & Drink",$49496.55,"",
"0001112223","CK",7/16/2025,($54.92),"DEBITCARD: Pharmacy","","Health",$49441.63,"",
"0001112223","CK",7/17/2025,($4.29),"DEBITCARD: Coffee Shop","","Food & Drink",$49437.34,"",
"0001112223","CK",7/19/2025,($105.58),"DEBITCARD: Grocery Store","","Groceries",$49331.76,"budgeteer:category=Food",
"0001112223","CK",7/19/2025,($178.58),"DEBITCARD: Grocery Store","","Groceries",$49153.18,"",
"0001112223","CK",7/19/2025,($81.81),"DEBITCARD: Grocery Store","","Groceries",$49071.37,"",
"0001112223","CK",7/23/2025,($41.72),"ACH:WATER BILL","","Utilities",$49029.65,"",
"0001112223","CK",7/24/2025,($1810.15),"ACH:CREDIT CARD PAYMENT","","Credit Card",$47219.50,"",
"0001112223","CK",7/24/2025,($70.47),"DEBITCARD: Hardware Store","","Home",$47149.03,"",
"0001112223","CK",7/26/2025,($56.54),"DEBITCARD: Restaurant","","Food & Drink",$47092.49,"",
"0001112223","CK",7/26/2025,($46.29),"DEBITCARD: Pet Supplies","","Pets",$47046.20,"",
"0001112223","CK",7/26/2025,($6.04),"DEBITCARD: Streaming Add-on","","Entertainment",$47040.16,"",
"0001112223","CK",7/29/2025,($42.46),"DEBITCARD: Hardware Store","","Home",$46997.70,"",
"0001112223","CK",7/29/2025,($22.47),"DEBITCARD: Ride Share","","Auto & Transport",$46975.23,"",
"0001112223","CK",7/30/2025,($113.20),"DEBITCARD: Grocery Store","","Groceries",$46862.03,"",
"0001112223","CK",7/31/2025,($25.62),"DEBITCARD: Pet Supplies","","Pets",$46836.41,"",
"0001112223","CK",7/31/2025,($15.01),"DEBITCARD: Ride Share","","Auto & Transport",$46821.40,"",
"0001112223","CK",7/31/2025,($9.24),"DEBITCARD: Ride Share","","Auto & Transport",$46812.16,"",
"0001112223","CK",8/1/2025,$3800.00,"ACH:VISTA TECH PAYROLL","","Misc. Income",$50612.16,"",
"0001112223","CK",8/1/2025,($2189.00),"ACH:Redwood Grove RENT","","Mortgage / Rent",$48423.16,"",
"0001112223","CK",8/1/2025,($245.00),"ACH:HEALTH INSURANCE","","Insurance",$48178.16,"",
"0001112223","CK",8/1/2025,($50.50),"DEBITCARD: Hardware Store","","Home",$48127.66,"",
"0001112223","CK",8/1/2025,($13.82),"DEBITCARD: Pet Supplies","","Pets",$48113.84,"",
"0001112223","CK",8/1/2025,($70.62),"DEBITCARD: Gas Station","","Gas / Fuel",$48043.22,"",
"0001112223","CK",8/2/2025,($218.69),"DEBITCARD: Event Tickets","","Entertainment",$47824.53,"",
"0001112223","CK",8/4/2025,($66.69),"DEBITCARD: Gas Station","","Gas / Fuel",$47757.84,"",
"0001112223","CK",8/5/2025,($22.46),"DEBITCARD: Ride Share","","Auto & Transport",$47735.38,"",
"0001112223","CK",8/6/2025,($425.00),"ACH:AUTO LOAN PAYMENT","","Auto & Transport",$47310.38,"budgeteer:goal=Auto Loan Down-payment",
"0001112223","CK",8/6/2025,($62.54),"DEBITCARD: Restaurant","","Food & Drink",$47247.84,"",
"0001112223","CK",8/6/2025,($11.17),"DEBITCARD: Streaming Add-on","","Entertainment",$47236.67,"",
"0001112223","CK",8/7/2025,($79.99),"ACH:ISP INTERNET BILL","","Internet",$47156.68,"",
"0001112223","CK",8/7/2025,($39.99),"ACH:GYM MEMBERSHIP","","Health",$47116.69,"",
"0001112223","CK",8/7/2025,($7.70),"DEBITCARD: Coffee Shop","","Food & Drink",$47108.99,"",
"0001112223","CK",8/7/2025,($41.21),"DEBITCARD: Restaurant","","Food & Drink",$47067.78,"",
"0001112223","CK",8/9/2025,($68.00),"ACH:MOBILE PHONE","","Utilities",$46999.78,"",
"0001112223","CK",8/9/2025,$768.57,"ACH:MOONLIGHT GIG","","Misc. Income",$47768.35,"Side work",
"0001112223","CK",8/9/2025,($18.83),"DEBITCARD: Ride Share","","Auto & Transport",$47749.52,"",
"0001112223","CK",8/9/2025,($85.36),"DEBITCARD: Clothing Store","","Shopping",$47664.16,"",
"0001112223","CK",8/9/2025,($15.57),"DEBITCARD: Pet Supplies","","Pets",$47648.59,"",
"0001112223","CK",8/9/2025,($143.67),"DEBITCARD: Grocery Store","","Groceries",$47504.92,"",
"0001112223","CK",8/10/2025,($19.99),"ACH:STREAMING SUBSCRIPTION","","Entertainment",$47484.93,"",
"0001112223","CK",8/11/2025,($182.12),"ACH:ELECTRIC BILL","","Utilities",$47302.81,"",
"0001112223","CK",8/11/2025,($34.30),"DEBITCARD: Restaurant","","Food & Drink",$47268.51,"",
"0001112223","CK",8/11/2025,($58.43),"DEBITCARD: Restaurant","","Food & Drink",$47210.08,"",
"0001112223","CK",8/12/2025,($210.00),"ACH:STUDENT LOAN SERVICER","","Loans",$47000.08,"",
"0001112223","CK",8/14/2025,($8.17),"DEBITCARD: Books","","Shopping",$46991.91,"",
"0001112223","CK",8/14/2025,($38.61),"DEBITCARD: Gas Station","","Gas / Fuel",$46953.30,"",
"0001112223","CK",8/14/2025,($32.03),"DEBITCARD: Books","","Shopping",$46921.27,"",
"0001112223","CK",8/15/2025,$3800.00,"ACH:VISTA TECH PAYROLL","","Misc. Income",$50721.27,"",
"0001112223","CK",8/15/2025,($750.00),"Web Branch:TFR TO SV 0001112223","","Transfer",$49971.27,"budgeteer:apply=savings",
"0001112223","CK",8/16/2025,($63.73),"DEBITCARD: Hardware Store","","Home",$49907.54,"",
"0001112223","CK",8/17/2025,($45.55),"DEBITCARD: Pharmacy","","Health",$49861.99,"",
"0001112223","CK",8/17/2025,($158.44),"DEBITCARD: Event Tickets","","Entertainment",$49703.55,"",
"0001112223","CK",8/19/2025,($29.29),"DEBITCARD: Restaurant","","Food & Drink",$49674.26,"",
"0001112223","CK",8/20/2025,($9.22),"DEBITCARD: Streaming Add-on","","Entertainment",$49665.04,"",
"0001112223","CK",8/21/2025,($32.44),"DEBITCARD: Pharmacy","","Health",$49632.60,"",
"0001112223","CK",8/21/2025,($9.93),"DEBITCARD: Streaming Add-on","","Entertainment",$49622.67,"",
"0001112223","CK",8/21/2025,($76.36),"DEBITCARD: Hardware Store","","Home",$49546.31,"",
"0001112223","CK",8/21/2025,($6.28),"DEBITCARD: Coffee Shop","","Food & Drink",$49540.03,"",
"0001112223","CK",8/21/2025,($6.78),"DEBITCARD: Streaming Add-on","","Entertainment",$49533.25,"",
"0001112223","CK",8/22/2025,($85.96),"DEBITCARD: Event Tickets","","Entertainment",$49447.29,"",
"0001112223","CK",8/23/2025,($50.87),"ACH:WATER BILL","","Utilities",$49396.42,"",
"0001112223","CK",8/24/2025,$12.02,"DIVIDEND PAYMENT","","Misc. Income",$49408.44,"",
"0001112223","CK",8/24/2025,($11.18),"DEBITCARD: Streaming Add-on","","Entertainment",$49397.26,"",
"0001112223","CK",8/24/2025,($4.41),"DEBITCARD: Coffee Shop","","Food & Drink",$49392.85,"",
"0001112223","CK",8/25/2025,($9.84),"DEBITCARD: Streaming Add-on","","Entertainment",$49383.01,"",
"0001112223","CK",8/26/2025,($1460.08),"ACH:CREDIT CARD PAYMENT","","Credit Card",$47922.93,"",
"0001112223","CK",8/26/2025,($19.97),"DEBITCARD: Pharmacy","","Health",$47902.96,"",
"0001112223","CK",9/1/2025,$3800.00,"ACH:VISTA TECH PAYROLL","","Misc. Income",$51702.96,"",
"0001112223","CK",9/1/2025,($2189.00),"ACH:Redwood Grove RENT","","Mortgage / Rent",$49513.96,"",
"0001112223","CK",9/2/2025,($59.46),"DEBITCARD: Restaurant","","Food & Drink",$49454.50,"",
"0001112223","CK",9/2/2025,($50.33),"DEBITCARD: Hardware Store","","Home",$49404.17,"",
"0001112223","CK",9/3/2025,($245.00),"ACH:HEALTH INSURANCE","","Insurance",$49159.17,"",
"0001112223","CK",9/3/2025,($38.46),"DEBITCARD: Restaurant","","Food & Drink",$49120.71,"",
"0001112223","CK",9/3/2025,($50.72),"DEBITCARD: Pharmacy","","Health",$49069.99,"",
"0001112223","CK",9/4/2025,($62.11),"DEBITCARD: Gas Station","","Gas / Fuel",$49007.88,"",
"0001112223","CK",9/4/2025,($9.06),"DEBITCARD: Streaming Add-on","","Entertainment",$48998.82,"",
"0001112223","CK",9/5/2025,($425.00),"ACH:AUTO LOAN PAYMENT","","Auto & Transport",$48573.82,"budgeteer:goal=Auto Loan Down-payment",
"0001112223","CK",9/5/2025,($203.72),"DEBITCARD: Grocery Store","","Groceries",$48370.10,"",
"0001112223","CK",9/5/2025,($33.76),"DEBITCARD: Hardware Store","","Home",$48336.34,"",
"0001112223","CK",9/5/2025,($6.73),"DEBITCARD: Coffee Shop","","Food & Drink",$48329.61,"",
"0001112223","CK",9/5/2025,($94.29),"DEBITCARD: Grocery Store","","Groceries",$48235.32,"",
"0001112223","CK",9/7/2025,($79.99),"ACH:ISP INTERNET BILL","","Internet",$48155.33,"",
"0001112223","CK",9/7/2025,($39.99),"ACH:GYM MEMBERSHIP","","Health",$48115.34,"",
"0001112223","CK",9/7/2025,($122.65),"DEBITCARD: Grocery Store","","Groceries",$47992.69,"",
"0001112223","CK",9/8/2025,($60.47),"DEBITCARD: Clothing Store","","Shopping",$47932.22,"",
"0001112223","CK",9/8/2025,($13.75),"DEBITCARD: Pet Supplies","","Pets",$47918.47,"",
"0001112223","CK",9/9/2025,($19.99),"ACH:STREAMING SUBSCRIPTION","","Entertainment",$47898.48,"",
"0001112223","CK",9/10/2025,($68.00),"ACH:MOBILE PHONE","","Utilities",$47830.48,"",
"0001112223","CK",9/10/2025,$932.82,"ACH:MOONLIGHT GIG","","Misc. Income",$48763.30,"Side work",
"0001112223","CK",9/10/2025,($76.26),"DEBITCARD: Hardware Store","","Home",$48687.04,"",
"0001112223","CK",9/11/2025,($210.00),"ACH:STUDENT LOAN SERVICER","","Loans",$48477.04,"",
"0001112223","CK",9/11/2025,($88.82),"DEBITCARD: Clothing Store","","Shopping",$48388.22,"",
"0001112223","CK",9/11/2025,($7.17),"DEBITCARD: Coffee Shop","","Food & Drink",$48381.05,"",
"0001112223","CK",9/12/2025,($82.66),"DEBITCARD: Hardware Store","","Home",$48298.39,"",
"0001112223","CK",9/13/2025,($79.06),"DEBITCARD: Event Tickets","","Entertainment",$48219.33,"",
"0001112223","CK",9/13/2025,($68.12),"DEBITCARD: Clothing Store","","Shopping",$48151.21,"",
"0001112223","CK",9/13/2025,($35.32),"DEBITCARD: Hardware Store","","Home",$48115.89,"",
"0001112223","CK",9/14/2025,($70.69),"DEBITCARD: Gas Station","","Gas / Fuel",$48045.20,"",
"0001112223","CK",9/15/2025,$3800.00,"ACH:VISTA TECH PAYROLL","","Misc. Income",$51845.20,"",
"0001112223","CK",9/15/2025,($197.63),"ACH:ELECTRIC BILL","","Utilities",$51647.57,"",
"0001112223","CK",9/15/2025,($750.00),"Web Branch:TFR TO SV 0001112223","","Transfer",$50897.57,"budgeteer:apply=savings",
"0001112223","CK",9/16/2025,($8.67),"DEBITCARD: Coffee Shop","","Food & Drink",$50888.90,"",
"0001112223","CK",9/17/2025,($54.05),"DEBITCARD: Restaurant","","Food & Drink",$50834.85,"",
"0001112223","CK",9/21/2025,($56.09),"DEBITCARD: Gas Station","","Gas / Fuel",$50778.76,"",
"0001112223","CK",9/21/2025,($116.07),"DEBITCARD: Event Tickets","","Entertainment",$50662.69,"",
"0001112223","CK",9/22/2025,($47.02),"ACH:WATER BILL","","Utilities",$50615.67,"",
"0001112223","CK",9/23/2025,($111.47),"DEBITCARD: Clothing Store","","Shopping",$50504.20,"",
"0001112223","CK",9/23/2025,($26.16),"DEBITCARD: Ride Share","","Auto & Transport",$50478.04,"",
"0001112223","CK",9/24/2025,$9.96,"DIVIDEND PAYMENT","","Misc. Income",$50488.00,"",
"0001112223","CK",9/24/2025,($16.86),"DEBITCARD: Books","","Shopping",$50471.14,"",
"0001112223","CK",9/25/2025,($18.64),"DEBITCARD: Pet Supplies","","Pets",$50452.50,"",
"0001112223","CK",9/26/2025,($32.75),"DEBITCARD: Clothing Store","","Shopping",$50419.75,"",
"0001112223","CK",9/27/2025,($1110.00),"ACH:CREDIT CARD PAYMENT","","Credit Card",$49309.75,"",
"0001112223","CK",9/28/2025,($8.10),"DEBITCARD: Coffee Shop","","Food & Drink",$49301.65,"",
"0001112223","CK",9/29/2025,($67.33),"DEBITCARD: Hardware Store","","Home",$49234.32,"",
"0001112223","CK",9/29/2025,($152.66),"DEBITCARD: Grocery Store","","Groceries",$49081.66,"",
"0001112223","CK",9/30/2025,($42.09),"DEBITCARD: Gas Station","","Gas / Fuel",$49039.57,"",
"0001112223","CK",10/1/2025,$3800.00,"ACH:VISTA TECH PAYROLL","","Misc. Income",$52839.57,"",
"0001112223","CK",10/1/2025,($2189.00),"ACH:Redwood Grove RENT","","Mortgage / Rent",$50650.57,"",
"0001112223","CK",10/1/2025,($245.00),"ACH:HEALTH INSURANCE","","Insurance",$50405.57,"",
"0001112223","CK",10/1/2025,($53.65),"DEBITCARD: Pet Supplies","","Pets",$50351.92,"",
"0001112223","CK",10/3/2025,($10.02),"DEBITCARD: Coffee Shop","","Food & Drink",$50341.90,"",
"0001112223","CK",10/3/2025,($8.83),"DEBITCARD: Coffee Shop","","Food & Drink",$50333.07,"",
"0001112223","CK",10/4/2025,($425.00),"ACH:AUTO LOAN PAYMENT","","Auto & Transport",$49908.07,"budgeteer:goal=Auto Loan Down-payment",
"0001112223","CK",10/4/2025,($142.56),"DEBITCARD: Grocery Store","","Groceries",$49765.51,"",
"0001112223","CK",10/4/2025,($164.99),"DEBITCARD: Event Tickets","","Entertainment",$49600.52,"",
"0001112223","CK",10/5/2025,($138.67),"DEBITCARD: Event Tickets","","Entertainment",$49461.85,"",
"0001112223","CK",10/5/2025,($44.56),"DEBITCARD: Pet Supplies","","Pets",$49417.29,"",
"0001112223","CK",10/6/2025,($26.84),"DEBITCARD: Pet Supplies","","Pets",$49390.45,"",
"0001112223","CK",10/6/2025,($85.93),"DEBITCARD: Grocery Store","","Groceries",$49304.52,"",
"0001112223","CK",10/7/2025,($79.99),"ACH:ISP INTERNET BILL","","Internet",$49224.53,"",
"0001112223","CK",10/7/2025,($39.99),"ACH:GYM MEMBERSHIP","","Health",$49184.54,"",
"0001112223","CK",10/8/2025,($19.99),"ACH:STREAMING SUBSCRIPTION","","Entertainment",$49164.55,"",
"0001112223","CK",10/8/2025,($38.37),"DEBITCARD: Clothing Store","","Shopping",$49126.18,"",
"0001112223","CK",10/10/2025,($11.87),"DEBITCARD: Pharmacy","","Health",$49114.31,"",
"0001112223","CK",10/11/2025,($68.00),"ACH:MOBILE PHONE","","Utilities",$49046.31,"",
"0001112223","CK",10/11/2025,($146.38),"DEBITCARD: Event Tickets","","Entertainment",$48899.93,"",
"0001112223","CK",10/12/2025,$277.08,"ACH:MOONLIGHT GIG","","Misc. Income",$49177.01,"Side work",
"0001112223","CK",10/12/2025,($108.55),"DEBITCARD: Clothing Store","","Shopping",$49068.46,"",
"0001112223","CK",10/12/2025,($7.54),"DEBITCARD: Pharmacy","","Health",$49060.92,"",
"0001112223","CK",10/12/2025,($12.85),"DEBITCARD: Ride Share","","Auto & Transport",$49048.07,"",
"0001112223","CK",10/13/2025,($210.00),"ACH:STUDENT LOAN SERVICER","","Loans",$48838.07,"",
"0001112223","CK",10/14/2025,($118.13),"ACH:ELECTRIC BILL","","Utilities",$48719.94,"",
"0001112223","CK",10/14/2025,($70.08),"DEBITCARD: Hardware Store","","Home",$48649.86,"",
"0001112223","CK",10/14/2025,($34.58),"DEBITCARD: Restaurant","","Food & Drink",$48615.28,"",
"0001112223","CK",10/15/2025,$3800.00,"ACH:VISTA TECH PAYROLL","","Misc. Income",$52415.28,"",
"0001112223","CK",10/15/2025,($134.02),"DEBITCARD: Clothing Store","","Shopping",$52281.26,"",
"0001112223","CK",10/15/2025,($15.50),"DEBITCARD: Pharmacy","","Health",$52265.76,"",
"0001112223","CK",10/15/2025,($15.86),"DEBITCARD: Books","","Shopping",$52249.90,"",
"0001112223","CK",10/17/2025,($750.00),"Web Branch:TFR TO SV 0001112223","","Transfer",$51499.90,"budgeteer:apply=savings",
"0001112223","CK",10/17/2025,($53.02),"DEBITCARD: Pet Supplies","","Pets",$51446.88,"",
"0001112223","CK",10/18/2025,($30.06),"DEBITCARD: Gas Station","","Gas / Fuel",$51416.82,"",
"0001112223","CK",10/18/2025,($20.91),"DEBITCARD: Ride Share","","Auto & Transport",$51395.91,"",
"0001112223","CK",10/18/2025,($25.38),"DEBITCARD: Books","","Shopping",$51370.53,"",
"0001112223","CK",10/21/2025,($43.17),"ACH:WATER BILL","","Utilities",$51327.36,"",
"0001112223","CK",10/23/2025,($19.74),"DEBITCARD: Books","","Shopping",$51307.62,"",
"0001112223","CK",10/23/2025,($25.38),"DEBITCARD: Pet Supplies","","Pets",$51282.24,"",
"0001112223","CK",10/24/2025,($759.93),"ACH:CREDIT CARD PAYMENT","","Credit Card",$50522.31,"",
"0001112223","CK",10/25/2025,($4.73),"DEBITCARD: Coffee Shop","","Food & Drink",$50517.58,"",
"0001112223","CK",10/25/2025,($182.37),"DEBITCARD: Event Tickets","","Entertainment",$50335.21,"",
"0001112223","CK",10/26/2025,$457.73,"ACH:MOONLIGHT GIG","","Misc. Income",$50792.94,"Side work",
"0001112223","CK",10/26/2025,($30.47),"DEBITCARD: Pet Supplies","","Pets",$50762.47,"",
"0001112223","CK",10/28/2025,($52.87),"DEBITCARD: Clothing Store","","Shopping",$50709.60,"",
"0001112223","CK",10/28/2025,($79.60),"DEBITCARD: Hardware Store","","Home",$50630.00,"",
"0001112223","CK",10/29/2025,($207.65),"DEBITCARD: Grocery Store","","Groceries",$50422.35,"",
"0001112223","CK",10/29/2025,($62.48),"DEBITCARD: Restaurant","","Food & Drink",$50359.87,"",
"0001112223","CK",10/31/2025,($47.07),"DEBITCARD: Gas Station","","Gas / Fuel",$50312.80,"",
"0001112223","CK",11/1/2025,$3800.00,"ACH:VISTA TECH PAYROLL","","Misc. Income",$54112.80,"",
"0001112223","CK",11/1/2025,($2189.00),"ACH:Redwood Grove RENT","","Mortgage / Rent",$51923.80,"",
"0001112223","CK",11/1/2025,($4.55),"DEBITCARD: Coffee Shop","","Food & Drink",$51919.25,"",
"0001112223","CK",11/1/2025,($14.63),"DEBITCARD: Ride Share","","Auto & Transport",$51904.62,"",
"0001112223","CK",11/2/2025,($245.00),"ACH:HEALTH INSURANCE","","Insurance",$51659.62,"",
"0001112223","CK",11/2/2025,($25.19),"DEBITCARD: Books","","Shopping",$51634.43,"",
"0001112223","CK",11/3/2025,($57.83),"DEBITCARD: Grocery Store","","Groceries",$51576.60,"",
"0001112223","CK",11/5/2025,($9.80),"DEBITCARD: Books","","Shopping",$51566.80,"",
"0001112223","CK",11/5/2025,($10.18),"DEBITCARD: Coffee Shop","","Food & Drink",$51556.62,"",
"0001112223","CK",11/6/2025,($425.00),"ACH:AUTO LOAN PAYMENT","","Auto & Transport",$51131.62,"budgeteer:goal=Auto Loan Down-payment",
"0001112223","CK",11/6/2025,$441.33,"ACH:MOONLIGHT GIG","","Misc. Income",$51572.95,"Side work",
"0001112223","CK",11/6/2025,($8.90),"DEBITCARD: Coffee Shop","","Food & Drink",$51564.05,"",
"0001112223","CK",11/7/2025,($79.99),"ACH:ISP INTERNET BILL","","Internet",$51484.06,"",
"0001112223","CK",11/8/2025,($39.99),"ACH:GYM MEMBERSHIP","","Health",$51444.07,"",
"0001112223","CK",11/8/2025,($38.09),"DEBITCARD: Pet Supplies","","Pets",$51405.98,"",
"0001112223","CK",11/8/2025,($68.74),"DEBITCARD: Grocery Store","","Groceries",$51337.24,"",
"0001112223","CK",11/8/2025,($5.57),"DEBITCARD: Streaming Add-on","","Entertainment",$51331.67,"",
"0001112223","CK",11/8/2025,($38.93),"DEBITCARD: Event Tickets","","Entertainment",$51292.74,"",
"0001112223","CK",11/10/2025,($19.99),"ACH:STREAMING SUBSCRIPTION","","Entertainment",$51272.75,"",
"0001112223","CK",11/10/2025,($68.00),"ACH:MOBILE PHONE","","Utilities",$51204.75,"",
"0001112223","CK",11/10/2025,($83.30),"DEBITCARD: Grocery Store","","Groceries",$51121.45,"",
"0001112223","CK",11/11/2025,($17.58),"DEBITCARD: Books","","Shopping",$51103.87,"",
"0001112223","CK",11/11/2025,($90.10),"DEBITCARD: Clothing Store","","Shopping",$51013.77,"",
"0001112223","CK",11/12/2025,($210.00),"ACH:STUDENT LOAN SERVICER","","Loans",$50803.77,"",
"0001112223","CK",11/12/2025,($75.02),"DEBITCARD: Event Tickets","","Entertainment",$50728.75,"",
"0001112223","CK",11/13/2025,($133.63),"ACH:ELECTRIC BILL","","Utilities",$50595.12,"",
"0001112223","CK",11/15/2025,$3800.00,"ACH:VISTA TECH PAYROLL","","Misc. Income",$54395.12,"",
"0001112223","CK",11/15/2025,($9.75),"DEBITCARD: Coffee Shop","","Food & Drink",$54385.37,"",
"0001112223","CK",11/15/2025,($87.12),"DEBITCARD: Clothing Store","","Shopping",$54298.25,"",
"0001112223","CK",11/15/2025,($37.98),"DEBITCARD: Hardware Store","","Home",$54260.27,"",
"0001112223","CK",11/17/2025,($750.00),"Web Branch:TFR TO SV 0001112223","","Transfer",$53510.27,"budgeteer:apply=savings",
"0001112223","CK",11/17/2025,($29.70),"DEBITCARD: Restaurant","","Food & Drink",$53480.57,"",
"0001112223","CK",11/18/2025,($128.47),"DEBITCARD: Clothing Store","","Shopping",$53352.10,"",
"0001112223","CK",11/18/2025,($55.17),"DEBITCARD: Grocery Store","","Groceries",$53296.93,"",
"0001112223","CK",11/19/2025,($39.68),"DEBITCARD: Pet Supplies","","Pets",$53257.25,"",
"0001112223","CK",11/19/2025,($128.25),"DEBITCARD: Clothing Store","","Shopping",$53129.00,"",
"0001112223","CK",11/19/2025,($9.67),"DEBITCARD: Ride Share","","Auto & Transport",$53119.33,"",
"0001112223","CK",11/20/2025,($39.32),"ACH:WATER BILL","","Utilities",$53080.01,"",
"0001112223","CK",11/20/2025,($15.10),"DEBITCARD: Pharmacy","","Health",$53064.91,"",
"0001112223","CK",11/20/2025,($114.37),"DEBITCARD: Clothing Store","","Shopping",$52950.54,"",
"0001112223","CK",11/20/2025,($50.26),"DEBITCARD: Pharmacy","","Health",$52900.28,"",
"0001112223","CK",11/20/2025,($99.22),"DEBITCARD: Grocery Store","","Groceries",$52801.06,"",
"0001112223","CK",11/23/2025,($169.61),"DEBITCARD: Event Tickets","","Entertainment",$52631.45,"",
"0001112223","CK",11/24/2025,($111.77),"DEBITCARD: Grocery Store","","Groceries",$52519.68,"",
"0001112223","CK",11/24/2025,($47.92),"DEBITCARD: Pharmacy","","Health",$52471.76,"",
"0001112223","CK",11/25/2025,($1609.86),"ACH:CREDIT CARD PAYMENT","","Credit Card",$50861.90,"",
"0001112223","CK",11/25/2025,($22.38),"DEBITCARD: Books","","Shopping",$50839.52,"",
"0001112223","CK",11/27/2025,($110.16),"DEBITCARD: Event Tickets","","Entertainment",$50729.36,"",
"0001112223","CK",11/28/2025,($25.05),"DEBITCARD: Pharmacy","","Health",$50704.31,"",
"0001112223","CK",11/28/2025,($10.63),"DEBITCARD: Ride Share","","Auto & Transport",$50693.68,"",
"0001112223","CK",12/1/2025,$3800.00,"ACH:VISTA TECH PAYROLL","","Misc. Income",$54493.68,"",
"0001112223","CK",12/1/2025,($2189.00),"ACH:Redwood Grove RENT","","Mortgage / Rent",$52304.68,"",
"0001112223","CK",12/1/2025,($245.00),"ACH:HEALTH INSURANCE","","Insurance",$52059.68,"",
"0001112223","CK",12/1/2025,($57.81),"DEBITCARD: Hardware Store","","Home",$52001.87,"",
"0001112223","CK",12/1/2025,($46.66),"DEBITCARD: Pharmacy","","Health",$51955.21,"",
"0001112223","CK",12/2/2025,($160.22),"DEBITCARD: Event Tickets","","Entertainment",$51794.99,"",
"0001112223","CK",12/3/2025,($11.17),"DEBITCARD: Streaming Add-on","","Entertainment",$51783.82,"",
"0001112223","CK",12/3/2025,($63.44),"DEBITCARD: Gas Station","","Gas / Fuel",$51720.38,"",
"0001112223","CK",12/4/2025,($26.19),"DEBITCARD: Ride Share","","Auto & Transport",$51694.19,"",
"0001112223","CK",12/6/2025,($425.00),"ACH:AUTO LOAN PAYMENT","","Auto & Transport",$51269.19,"budgeteer:goal=Auto Loan Down-payment",
"0001112223","CK",12/6/2025,($10.32),"DEBITCARD: Ride Share","","Auto & Transport",$51258.87,"",
"0001112223","CK",12/7/2025,($79.99),"ACH:ISP INTERNET BILL","","Internet",$51178.88,"",
"0001112223","CK",12/8/2025,($39.99),"ACH:GYM MEMBERSHIP","","Health",$51138.89,"",
"0001112223","CK",12/9/2025,($19.99),"ACH:STREAMING SUBSCRIPTION","","Entertainment",$51118.90,"",
"0001112223","CK",12/10/2025,($36.32),"DEBITCARD: Pet Supplies","","Pets",$51082.58,"",
"0001112223","CK",12/10/2025,($63.47),"DEBITCARD: Gas Station","","Gas / Fuel",$51019.11,"",
"0001112223","CK",12/11/2025,($68.00),"ACH:MOBILE PHONE","","Utilities",$50951.11,"",
"0001112223","CK",12/11/2025,($40.16),"DEBITCARD: Gas Station","","Gas / Fuel",$50910.95,"",
"0001112223","CK",12/12/2025,($210.00),"ACH:STUDENT LOAN SERVICER","","Loans",$50700.95,"",
"0001112223","CK",12/12/2025,($8.58),"DEBITCARD: Streaming Add-on","","Entertainment",$50692.37,"",
"0001112223","CK",12/12/2025,($46.10),"DEBITCARD: Pharmacy","","Health",$50646.27,"",
"0001112223","CK",12/13/2025,($184.13),"ACH:ELECTRIC BILL","","Utilities",$50462.14,"",
"0001112223","CK",12/14/2025,($52.30),"DEBITCARD: Pet Supplies","","Pets",$50409.84,"",
"0001112223","CK",12/15/2025,$3800.00,"ACH:VISTA TECH PAYROLL","","Misc. Income",$54209.84,"",
"0001112223","CK",12/16/2025,($750.00),"Web Branch:TFR TO SV 0001112223","","Transfer",$53459.84,"budgeteer:apply=savings",
"0001112223","CK",12/16/2025,($30.65),"DEBITCARD: Pharmacy","","Health",$53429.19,"",
"0001112223","CK",12/18/2025,($9.05),"DEBITCARD: Streaming Add-on","","Entertainment",$53420.14,"",
"0001112223","CK",12/18/2025,($44.85),"DEBITCARD: Hardware Store","","Home",$53375.29,"",
"0001112223","CK",12/18/2025,($49.13),"DEBITCARD: Hardware Store","","Home",$53326.16,"",
"0001112223","CK",12/19/2025,($58.54),"DEBITCARD: Clothing Store","","Shopping",$53267.62,"",
"0001112223","CK",12/19/2025,($5.33),"DEBITCARD: Streaming Add-on","","Entertainment",$53262.29,"",
"0001112223","CK",12/20/2025,($48.47),"ACH:WATER BILL","","Utilities",$53213.82,"",
"0001112223","CK",12/20/2025,($42.77),"DEBITCARD: Gas Station","","Gas / Fuel",$53171.05,"",
"0001112223","CK",12/22/2025,($62.41),"DEBITCARD: Event Tickets","","Entertainment",$53108.64,"",
"0001112223","CK",12/23/2025,($42.76),"DEBITCARD: Hardware Store","","Home",$53065.88,"",
"0001112223","CK",12/24/2025,$5.56,"DIVIDEND PAYMENT","","Misc. Income",$53071.44,"",
"0001112223","CK",12/24/2025,($23.59),"DEBITCARD: Ride Share","","Auto & Transport",$53047.85,"",
"0001112223","CK",12/25/2025,($27.31),"DEBITCARD: Ride Share","","Auto & Transport",$53020.54,"",
"0001112223","CK",12/25/2025,($45.85),"DEBITCARD: Pet Supplies","","Pets",$52974.69,"",
"0001112223","CK",12/25/2025,($8.05),"DEBITCARD: Streaming Add-on","","Entertainment",$52966.64,"",
"0001112223","CK",12/25/2025,($36.14),"DEBITCARD: Gas Station","","Gas / Fuel",$52930.50,"",
"0001112223","CK",12/26/2025,($59.14),"DEBITCARD: Gas Station","","Gas / Fuel",$52871.36,"",
"0001112223","CK",12/26/2025,($13.60),"DEBITCARD: Ride Share","","Auto & Transport",$52857.76,"",
"0001112223","CK",12/27/2025,($1259.78),"ACH:CREDIT CARD PAYMENT","","Credit Card",$51597.98,"",
"0001112223","CK",12/27/2025,($85.81),"DEBITCARD: Clothing Store","","Shopping",$51512.17,"",
"0001112223","CK",12/27/2025,($32.39),"DEBITCARD: Gas Station","","Gas / Fuel",$51479.78,"",
"0001112223","CK",12/27/2025,($41.55),"DEBITCARD: Gas Station","","Gas / Fuel",$51438.23,"",
"0001112223","CK",12/28/2025,($7.25),"DEBITCARD: Streaming Add-on","","Entertainment",$51430.98,"",
"0001112223","CK",12/29/2025,($72.63),"DEBITCARD: Hardware Store","","Home",$51358.35,"",
"0001112223","CK",12/31/2025,($42.32),"DEBITCARD: Restaurant","","Food & Drink",$51316.03,"",
"0001112223","CK",1/1/2026,$3950.00,"ACH:VISTA TECH PAYROLL","","Misc. Income",$55266.03,"",
"0001112223","CK",1/1/2026,($2189.00),"ACH:Redwood Grove RENT","","Mortgage / Rent",$53077.03,"",
"0001112223","CK",1/1/2026,($121.69),"DEBITCARD: Clothing Store","","Shopping",$52955.34,"",
"0001112223","CK",1/1/2026,($27.19),"DEBITCARD: Ride Share","","Auto & Transport",$52928.15,"",
"0001112223","CK",1/2/2026,($245.00),"ACH:HEALTH INSURANCE","","Insurance",$52683.15,"",
"0001112223","CK",1/2/2026,($52.72),"DEBITCARD: Restaurant","","Food & Drink",$52630.43,"",
"0001112223","CK",1/3/2026,($7.86),"DEBITCARD: Coffee Shop","","Food & Drink",$52622.57,"",
"0001112223","CK",1/3/2026,($51.36),"DEBITCARD: Gas Station","","Gas / Fuel",$52571.21,"",
"0001112223","CK",1/4/2026,($75.88),"DEBITCARD: Hardware Store","","Home",$52495.33,"",
"0001112223","CK",1/5/2026,($425.00),"ACH:AUTO LOAN PAYMENT","","Auto & Transport",$52070.33,"budgeteer:goal=Auto Loan Down-payment",
"0001112223","CK",1/6/2026,($37.73),"DEBITCARD: Pet Supplies","","Pets",$52032.60,"",
"0001112223","CK",1/7/2026,($79.99),"ACH:ISP INTERNET BILL","","Internet",$51952.61,"",
"0001112223","CK",1/7/2026,($77.62),"DEBITCARD: Gas Station","","Gas / Fuel",$51874.99,"",
"0001112223","CK",1/8/2026,($19.99),"ACH:STREAMING SUBSCRIPTION","","Entertainment",$51855.00,"",
"0001112223","CK",1/9/2026,($39.99),"ACH:GYM MEMBERSHIP","","Health",$51815.01,"",
"0001112223","CK",1/9/2026,($68.00),"ACH:MOBILE PHONE","","Utilities",$51747.01,"",
"0001112223","CK",1/9/2026,($31.15),"DEBITCARD: Gas Station","","Gas / Fuel",$51715.86,"",
"0001112223","CK",1/9/2026,($18.90),"DEBITCARD: Pet Supplies","","Pets",$51696.96,"",
"0001112223","CK",1/10/2026,($37.10),"DEBITCARD: Pharmacy","","Health",$51659.86,"",
"0001112223","CK",1/11/2026,($210.00),"ACH:STUDENT LOAN SERVICER","","Loans",$51449.86,"",
"0001112223","CK",1/11/2026,($30.72),"DEBITCARD: Pharmacy","","Health",$51419.14,"",
"0001112223","CK",1/11/2026,($155.87),"DEBITCARD: Grocery Store","","Groceries",$51263.27,"",
"0001112223","CK",1/12/2026,($159.63),"ACH:ELECTRIC BILL","","Utilities",$51103.64,"",
"0001112223","CK",1/12/2026,($8.91),"DEBITCARD: Streaming Add-on","","Entertainment",$51094.73,"",
"0001112223","CK",1/13/2026,($19.78),"DEBITCARD: Books","","Shopping",$51074.95,"",
"0001112223","CK",1/14/2026,($64.55),"DEBITCARD: Hardware Store","","Home",$51010.40,"",
"0001112223","CK",1/14/2026,($53.20),"DEBITCARD: Pharmacy","","Health",$50957.20,"",
"0001112223","CK",1/14/2026,($35.33),"DEBITCARD: Pet Supplies","","Pets",$50921.87,"",
"0001112223","CK",1/15/2026,$3800.00,"ACH:VISTA TECH PAYROLL","","Misc. Income",$54721.87,"",
"0001112223","CK",1/15/2026,($750.00),"Web Branch:TFR TO SV 0001112223","","Transfer",$53971.87,"budgeteer:apply=savings",
"0001112223","CK",1/17/2026,($31.99),"DEBITCARD: Pet Supplies","","Pets",$53939.88,"",
"0001112223","CK",1/18/2026,($56.13),"DEBITCARD: Gas Station","","Gas / Fuel",$53883.75,"",
"0001112223","CK",1/18/2026,($102.62),"DEBITCARD: Clothing Store","","Shopping",$53781.13,"",
"0001112223","CK",1/18/2026,($30.23),"DEBITCARD: Pharmacy","","Health",$53750.90,"",
"0001112223","CK",1/18/2026,($72.43),"DEBITCARD: Hardware Store","","Home",$53678.47,"",
"0001112223","CK",1/19/2026,($6.15),"DEBITCARD: Streaming Add-on","","Entertainment",$53672.32,"",
"0001112223","CK",1/20/2026,($18.45),"DEBITCARD: Books","","Shopping",$53653.87,"",
"0001112223","CK",1/20/2026,($77.82),"DEBITCARD: Grocery Store","","Groceries",$53576.05,"",
"0001112223","CK",1/21/2026,($62.94),"DEBITCARD: Hardware Store","","Home",$53513.11,"",
"0001112223","CK",1/23/2026,($181.97),"DEBITCARD: Event Tickets","","Entertainment",$53331.14,"",
"0001112223","CK",1/24/2026,($44.62),"ACH:WATER BILL","","Utilities",$53286.52,"",
"0001112223","CK",1/24/2026,($909.71),"ACH:CREDIT CARD PAYMENT","","Credit Card",$52376.81,"",
"0001112223","CK",1/24/2026,($7.74),"DEBITCARD: Coffee Shop","","Food & Drink",$52369.07,"",
"0001112223","CK",1/24/2026,($11.54),"DEBITCARD: Streaming Add-on","","Entertainment",$52357.53,"",
"0001112223","CK",1/24/2026,($45.11),"DEBITCARD: Restaurant","","Food & Drink",$52312.42,"",
"0001112223","CK",1/25/2026,($81.93),"DEBITCARD: Clothing Store","","Shopping",$52230.49,"",
"0001112223","CK",1/25/2026,($62.90),"DEBITCARD: Pharmacy","","Health",$52167.59,"",
"0001112223","CK",1/26/2026,$12.57,"DIVIDEND PAYMENT","","Misc. Income",$52180.16,"",
"0001112223","CK",1/26/2026,($43.53),"DEBITCARD: Clothing Store","","Shopping",$52136.63,"",
"0001112223","CK",1/29/2026,($76.23),"DEBITCARD: Gas Station","","Gas / Fuel",$52060.40,"",
"0001112223","CK",2/1/2026,$3800.00,"ACH:VISTA TECH PAYROLL","","Misc. Income",$55860.40,"",
"0001112223","CK",2/1/2026,($2189.00),"ACH:Redwood Grove RENT","","Mortgage / Rent",$53671.40,"",
"0001112223","CK",2/1/2026,($245.00),"ACH:HEALTH INSURANCE","","Insurance",$53426.40,"",
"0001112223","CK",2/1/2026,($24.56),"DEBITCARD: Ride Share","","Auto & Transport",$53401.84,"",
"0001112223","CK",2/3/2026,($31.58),"DEBITCARD: Pet Supplies","","Pets",$53370.26,"",
"0001112223","CK",2/3/2026,($112.93),"DEBITCARD: Clothing Store","","Shopping",$53257.33,"",
"0001112223","CK",2/4/2026,($425.00),"ACH:AUTO LOAN PAYMENT","","Auto & Transport",$52832.33,"budgeteer:goal=Auto Loan Down-payment",
"0001112223","CK",2/5/2026,($138.89),"DEBITCARD: Grocery Store","","Groceries",$52693.44,"",
"0001112223","CK",2/5/2026,($10.46),"DEBITCARD: Ride Share","","Auto & Transport",$52682.98,"",
"0001112223","CK",2/6/2026,($5.95),"DEBITCARD: Coffee Shop","","Food & Drink",$52677.03,"",
"0001112223","CK",2/6/2026,($17.88),"DEBITCARD: Ride Share","","Auto & Transport",$52659.15,"",
"0001112223","CK",2/6/2026,($22.35),"DEBITCARD: Ride Share","","Auto & Transport",$52636.80,"",
"0001112223","CK",2/7/2026,($79.99),"ACH:ISP INTERNET BILL","","Internet",$52556.81,"",
"0001112223","CK",2/7/2026,($69.16),"DEBITCARD: Gas Station","","Gas / Fuel",$52487.65,"",
"0001112223","CK",2/7/2026,($66.41),"DEBITCARD: Hardware Store","","Home",$52421.24,"",
"0001112223","CK",2/9/2026,($39.99),"ACH:GYM MEMBERSHIP","","Health",$52381.25,"",
"0001112223","CK",2/9/2026,($62.31),"DEBITCARD: Pharmacy","","Health",$52318.94,"",
"0001112223","CK",2/10/2026,($19.99),"ACH:STREAMING SUBSCRIPTION","","Entertainment",$52298.95,"",
"0001112223","CK",2/10/2026,($11.28),"DEBITCARD: Streaming Add-on","","Entertainment",$52287.67,"",
"0001112223","CK",2/11/2026,($68.00),"ACH:MOBILE PHONE","","Utilities",$52219.67,"",
"0001112223","CK",2/11/2026,($175.14),"ACH:ELECTRIC BILL","","Utilities",$52044.53,"",
"0001112223","CK",2/11/2026,($74.21),"DEBITCARD: Clothing Store","","Shopping",$51970.32,"",
"0001112223","CK",2/12/2026,($58.70),"DEBITCARD: Gas Station","","Gas / Fuel",$51911.62,"",
"0001112223","CK",2/13/2026,($210.00),"ACH:STUDENT LOAN SERVICER","","Loans",$51701.62,"",
"0001112223","CK",2/14/2026,($18.24),"DEBITCARD: Restaurant","","Food & Drink",$51683.38,"",
"0001112223","CK",2/14/2026,($16.60),"DEBITCARD: Ride Share","","Auto & Transport",$51666.78,"",
"0001112223","CK",2/15/2026,$3800.00,"ACH:VISTA TECH PAYROLL","","Misc. Income",$55466.78,"",
"0001112223","CK",2/15/2026,($750.00),"Web Branch:TFR TO SV 0001112223","","Transfer",$54716.78,"budgeteer:apply=savings",
"0001112223","CK",2/15/2026,($27.07),"DEBITCARD: Pet Supplies","","Pets",$54689.71,"",
"0001112223","CK",2/15/2026,($19.12),"DEBITCARD: Pet Supplies","","Pets",$54670.59,"",
"0001112223","CK",2/16/2026,($206.66),"DEBITCARD: Grocery Store","","Groceries",$54463.93,"",
"0001112223","CK",2/17/2026,($61.58),"DEBITCARD: Gas Station","","Gas / Fuel",$54402.35,"",
"0001112223","CK",2/17/2026,($137.50),"DEBITCARD: Clothing Store","","Shopping",$54264.85,"",
"0001112223","CK",2/17/2026,($9.76),"DEBITCARD: Coffee Shop","","Food & Drink",$54255.09,"",
"0001112223","CK",2/18/2026,($22.23),"DEBITCARD: Ride Share","","Auto & Transport",$54232.86,"",
"0001112223","CK",2/20/2026,($108.87),"DEBITCARD: Clothing Store","","Shopping",$54123.99,"",
"0001112223","CK",2/20/2026,($10.08),"DEBITCARD: Books","","Shopping",$54113.91,"",
"0001112223","CK",2/23/2026,($40.77),"ACH:WATER BILL","","Utilities",$54073.14,"",
"0001112223","CK",2/23/2026,($57.66),"DEBITCARD: Hardware Store","","Home",$54015.48,"",
"0001112223","CK",2/23/2026,($77.80),"DEBITCARD: Hardware Store","","Home",$53937.68,"",
"0001112223","CK",2/23/2026,($197.57),"DEBITCARD: Grocery Store","","Groceries",$53740.11,"",
"0001112223","CK",2/24/2026,($91.14),"DEBITCARD: Grocery Store","","Groceries",$53648.97,"",
"0001112223","CK",2/24/2026,($143.87),"DEBITCARD: Grocery Store","","Groceries",$53505.10,"",
"0001112223","CK",2/24/2026,($201.22),"DEBITCARD: Grocery Store","","Groceries",$53303.88,"",
"0001112223","CK",2/25/2026,($1759.64),"ACH:CREDIT CARD PAYMENT","","Credit Card",$51544.24,"",
"0001112223","CK",2/25/2026,($9.85),"DEBITCARD: Streaming Add-on","","Entertainment",$51534.39,"",
"0001112223","CK",2/26/2026,($23.74),"DEBITCARD: Pet Supplies","","Pets",$51510.65,"",
"0001112223","CK",2/27/2026,($93.57),"DEBITCARD: Event Tickets","","Entertainment",$51417.08,"",
"0001112223","CK",2/27/2026,($6.30),"DEBITCARD: Coffee Shop","","Food & Drink",$51410.78,"",
"0001112223","CK",2/28/2026,($11.68),"DEBITCARD: Streaming Add-on","","Entertainment",$51399.10,"",
"0001112223","CK",3/1/2026,$3800.00,"ACH:VISTA TECH PAYROLL","","Misc. Income",$55199.10,"",
"0001112223","CK",3/1/2026,($2189.00),"ACH:Redwood Grove RENT","","Mortgage / Rent",$53010.10,"",
"0001112223","CK",3/1/2026,($49.03),"DEBITCARD: Pet Supplies","","Pets",$52961.07,"",
"0001112223","CK",3/1/2026,($54.24),"DEBITCARD: Clothing Store","","Shopping",$52906.83,"",
"0001112223","CK",3/2/2026,($245.00),"ACH:HEALTH INSURANCE","","Insurance",$52661.83,"",
"0001112223","CK",3/2/2026,($39.30),"DEBITCARD: Pet Supplies","","Pets",$52622.53,"",
"0001112223","CK",3/3/2026,($5.36),"DEBITCARD: Coffee Shop","","Food & Drink",$52617.17,"",
"0001112223","CK",3/3/2026,($5.61),"DEBITCARD: Coffee Shop","","Food & Drink",$52611.56,"",
"0001112223","CK",3/4/2026,($43.77),"DEBITCARD: Pet Supplies","","Pets",$52567.79,"",
"0001112223","CK",3/4/2026,($90.02),"DEBITCARD: Clothing Store","","Shopping",$52477.77,"",
"0001112223","CK",3/5/2026,($79.99),"ACH:ISP INTERNET BILL","","Internet",$52397.78,"",
"0001112223","CK",3/5/2026,($37.96),"DEBITCARD: Hardware Store","","Home",$52359.82,"",
"0001112223","CK",3/6/2026,($425.00),"ACH:AUTO LOAN PAYMENT","","Auto & Transport",$51934.82,"budgeteer:goal=Auto Loan Down-payment",
"0001112223","CK",3/6/2026,($119.43),"DEBITCARD: Clothing Store","","Shopping",$51815.39,"",
"0001112223","CK",3/6/2026,($52.13),"DEBITCARD: Pharmacy","","Health",$51763.26,"",
"0001112223","CK",3/7/2026,($39.99),"ACH:GYM MEMBERSHIP","","Health",$51723.27,"",
"0001112223","CK",3/7/2026,($21.56),"DEBITCARD: Pharmacy","","Health",$51701.71,"",
"0001112223","CK",3/8/2026,($71.94),"DEBITCARD: Gas Station","","Gas / Fuel",$51629.77,"",
"0001112223","CK",3/8/2026,($150.66),"DEBITCARD: Event Tickets","","Entertainment",$51479.11,"",
"0001112223","CK",3/9/2026,($68.00),"ACH:MOBILE PHONE","","Utilities",$51411.11,"",
"0001112223","CK",3/10/2026,($19.99),"ACH:STREAMING SUBSCRIPTION","","Entertainment",$51391.12,"",
"0001112223","CK",3/11/2026,($15.34),"DEBITCARD: Pharmacy","","Health",$51375.78,"",
"0001112223","CK",3/12/2026,($210.00),"ACH:STUDENT LOAN SERVICER","","Loans",$51165.78,"",
"0001112223","CK",3/13/2026,($39.64),"DEBITCARD: Restaurant","","Food & Drink",$51126.14,"",
"0001112223","CK",3/13/2026,($191.70),"DEBITCARD: Grocery Store","","Groceries",$50934.44,"",
"0001112223","CK",3/14/2026,($43.67),"DEBITCARD: Restaurant","","Food & Drink",$50890.77,"",
"0001112223","CK",3/15/2026,$3800.00,"ACH:VISTA TECH PAYROLL","","Misc. Income",$54690.77,"",
"0001112223","CK",3/15/2026,($155.64),"ACH:ELECTRIC BILL","","Utilities",$54535.13,"",
"0001112223","CK",3/17/2026,($750.00),"Web Branch:TFR TO SV 0001112223","","Transfer",$53785.13,"budgeteer:apply=savings",
"0001112223","CK",3/19/2026,($41.08),"DEBITCARD: Gas Station","","Gas / Fuel",$53744.05,"",
"0001112223","CK",3/19/2026,($38.78),"DEBITCARD: Gas Station","","Gas / Fuel",$53705.27,"",
"0001112223","CK",3/20/2026,($3.93),"DEBITCARD: Coffee Shop","","Food & Drink",$53701.34,"",
"0001112223","CK",3/21/2026,($455.64),"DEBITCARD: Hotel","","Travel",$53245.70,"",
"0001112223","CK",3/21/2026,($9.00),"DEBITCARD: Streaming Add-on","","Entertainment",$53236.70,"",
"0001112223","CK",3/22/2026,($55.69),"DEBITCARD: Pharmacy","","Health",$53181.01,"",
"0001112223","CK",3/23/2026,($49.92),"ACH:WATER BILL","","Utilities",$53131.09,"",
"0001112223","CK",3/23/2026,($53.41),"DEBITCARD: Pet Supplies","","Pets",$53077.68,"",
"0001112223","CK",3/23/2026,($209.86),"DEBITCARD: Event Tickets","","Entertainment",$52867.82,"",
"0001112223","CK",3/23/2026,($10.59),"DEBITCARD: Ride Share","","Auto & Transport",$52857.23,"",
"0001112223","CK",3/24/2026,($41.31),"DEBITCARD: Pet Supplies","","Pets",$52815.92,"",
"0001112223","CK",3/25/2026,($32.83),"DEBITCARD: Books","","Shopping",$52783.09,"",
"0001112223","CK",3/27/2026,($1409.56),"ACH:CREDIT CARD PAYMENT","","Credit Card",$51373.53,"",
"0001112223","CK",3/27/2026,($138.20),"DEBITCARD: Event Tickets","","Entertainment",$51235.33,"",
"0001112223","CK",3/28/2026,($36.68),"DEBITCARD: Pet Supplies","","Pets",$51198.65,"",
"0001112223","CK",3/28/2026,($48.81),"DEBITCARD: Pet Supplies","","Pets",$51149.84,"",
"0001112223","CK",3/28/2026,($12.17),"DEBITCARD: Restaurant","","Food & Drink",$51137.67,"",
"0001112223","CK",3/29/2026,($7.08),"DEBITCARD: Streaming Add-on","","Entertainment",$51130.59,"",
"0001112223","CK",3/30/2026,($8.29),"DEBITCARD: Streaming Add-on","","Entertainment",$51122.30,"",
"0001112223","CK",3/31/2026,($97.73),"DEBITCARD: Grocery Store","","Groceries",$51024.57,"",
"0001112223","CK",3/31/2026,($83.23),"DEBITCARD: Hardware Store","","Home",$50941.34,"",
"0001112223","CK",4/1/2026,$3800.00,"ACH:VISTA TECH PAYROLL","","Misc. Income",$54741.34,"",
"0001112223","CK",4/1/2026,($2189.00),"ACH:Redwood Grove RENT","","Mortgage / Rent",$52552.34,"",
"0001112223","CK",4/2/2026,($194.52),"DEBITCARD: Event Tickets","","Entertainment",$52357.82,"",
"0001112223","CK",4/3/2026,($245.00),"ACH:HEALTH INSURANCE","","Insurance",$52112.82,"",
"0001112223","CK",4/5/2026,($425.00),"ACH:AUTO LOAN PAYMENT","","Auto & Transport",$51687.82,"budgeteer:goal=Auto Loan Down-payment",
"0001112223","CK",4/5/2026,($79.99),"ACH:ISP INTERNET BILL","","Internet",$51607.83,"",
"0001112223","CK",4/6/2026,($65.22),"DEBITCARD: Gas Station","","Gas / Fuel",$51542.61,"",
"0001112223","CK",4/6/2026,($36.26),"DEBITCARD: Gas Station","","Gas / Fuel",$51506.35,"",
"0001112223","CK",4/7/2026,($39.99),"ACH:GYM MEMBERSHIP","","Health",$51466.36,"",
"0001112223","CK",4/7/2026,($1163.30),"DEBITCARD: Travel Booking","","Travel",$50303.06,"",
"0001112223","CK",4/7/2026,($39.56),"DEBITCARD: Pharmacy","","Health",$50263.50,"",
"0001112223","CK",4/8/2026,($57.90),"DEBITCARD: Pharmacy","","Health",$50205.60,"",
"0001112223","CK",4/9/2026,($19.99),"ACH:STREAMING SUBSCRIPTION","","Entertainment",$50185.61,"",
"0001112223","CK",4/9/2026,($8.24),"DEBITCARD: Streaming Add-on","","Entertainment",$50177.37,"",
"0001112223","CK",4/10/2026,($20.78),"DEBITCARD: Restaurant","","Food & Drink",$50156.59,"",
"0001112223","CK",4/11/2026,($68.00),"ACH:MOBILE PHONE","","Utilities",$50088.59,"",
"0001112223","CK",4/11/2026,($210.00),"ACH:STUDENT LOAN SERVICER","","Loans",$49878.59,"",
"0001112223","CK",4/11/2026,$442.61,"ACH:MOONLIGHT GIG","","Misc. Income",$50321.20,"Side work",
"0001112223","CK",4/12/2026,($14.61),"DEBITCARD: Ride Share","","Auto & Transport",$50306.59,"",
"0001112223","CK",4/13/2026,($51.00),"DEBITCARD: Restaurant","","Food & Drink",$50255.59,"",
"0001112223","CK",4/13/2026,($171.11),"DEBITCARD: Grocery Store","","Groceries",$50084.48,"",
"0001112223","CK",4/14/2026,($131.14),"ACH:ELECTRIC BILL","","Utilities",$49953.34,"",
"0001112223","CK",4/14/2026,($124.41),"DEBITCARD: Clothing Store","","Shopping",$49828.93,"",
"0001112223","CK",4/14/2026,($49.54),"DEBITCARD: Clothing Store","","Shopping",$49779.39,"",
"0001112223","CK",4/14/2026,($98.47),"DEBITCARD: Grocery Store","","Groceries",$49680.92,"",
"0001112223","CK",4/14/2026,($152.03),"DEBITCARD: Grocery Store","","Groceries",$49528.89,"",
"0001112223","CK",4/15/2026,$3800.00,"ACH:VISTA TECH PAYROLL","","Misc. Income",$53328.89,"",
"0001112223","CK",4/15/2026,$2172.81,"US TREASURY TAX REFUND","","Misc. Income",$55501.70,"",
"0001112223","CK",4/15/2026,($110.74),"DEBITCARD: Event Tickets","","Entertainment",$55390.96,"",
"0001112223","CK",4/17/2026,($750.00),"Web Branch:TFR TO SV 0001112223","","Transfer",$54640.96,"budgeteer:apply=savings",
"0001112223","CK",4/17/2026,($18.00),"DEBITCARD: Books","","Shopping",$54622.96,"",
"0001112223","CK",4/18/2026,($43.85),"DEBITCARD: Pet Supplies","","Pets",$54579.11,"",
"0001112223","CK",4/19/2026,($48.93),"DEBITCARD: Gas Station","","Gas / Fuel",$54530.18,"",
"0001112223","CK",4/19/2026,($59.67),"DEBITCARD: Pharmacy","","Health",$54470.51,"",
"0001112223","CK",4/19/2026,($61.23),"DEBITCARD: Grocery Store","","Groceries",$54409.28,"",
"0001112223","CK",4/20/2026,($11.48),"DEBITCARD: Streaming Add-on","","Entertainment",$54397.80,"",
"0001112223","CK",4/21/2026,($202.28),"DEBITCARD: Grocery Store","","Groceries",$54195.52,"",
"0001112223","CK",4/22/2026,($46.06),"ACH:WATER BILL","","Utilities",$54149.46,"",
"0001112223","CK",4/23/2026,($16.40),"DEBITCARD: Pet Supplies","","Pets",$54133.06,"",
"0001112223","CK",4/23/2026,($69.56),"DEBITCARD: Clothing Store","","Shopping",$54063.50,"",
"0001112223","CK",4/23/2026,($121.98),"DEBITCARD: Clothing Store","","Shopping",$53941.52,"",
"0001112223","CK",4/24/2026,($1059.49),"ACH:CREDIT CARD PAYMENT","","Credit Card",$52882.03,"",
"0001112223","CK",4/24/2026,($21.89),"DEBITCARD: Books","","Shopping",$52860.14,"",
"0001112223","CK",4/25/2026,($104.51),"DEBITCARD: Clothing Store","","Shopping",$52755.63,"",
"0001112223","CK",4/26/2026,($36.11),"DEBITCARD: Gas Station","","Gas / Fuel",$52719.52,"",
"0001112223","CK",4/26/2026,($57.07),"DEBITCARD: Gas Station","","Gas / Fuel",$52662.45,"",
"0001112223","CK",4/26/2026,($26.89),"DEBITCARD: Books","","Shopping",$52635.56,"",
"0001112223","CK",4/27/2026,($40.84),"DEBITCARD: Pet Supplies","","Pets",$52594.72,"",
"0001112223","CK",4/29/2026,($56.34),"DEBITCARD: Restaurant","","Food & Drink",$52538.38,"",
"0001112223","CK",4/29/2026,($156.56),"DEBITCARD: Grocery Store","","Groceries",$52381.82,"",
"0001112223","CK",5/1/2026,$3800.00,"ACH:VISTA TECH PAYROLL","","Misc. Income",$56181.82,"",
"0001112223","CK",5/1/2026,($2189.00),"ACH:Redwood Grove RENT","","Mortgage / Rent",$53992.82,"",
"0001112223","CK",5/2/2026,($245.00),"ACH:HEALTH INSURANCE","","Insurance",$53747.82,"",
"0001112223","CK",5/2/2026,($34.70),"DEBITCARD: Restaurant","","Food & Drink",$53713.12,"",
"0001112223","CK",5/3/2026,($34.05),"DEBITCARD: Clothing Store","","Shopping",$53679.07,"",
"0001112223","CK",5/3/2026,($9.52),"DEBITCARD: Coffee Shop","","Food & Drink",$53669.55,"",
"0001112223","CK",5/4/2026,($425.00),"ACH:AUTO LOAN PAYMENT","","Auto & Transport",$53244.55,"budgeteer:goal=Auto Loan Down-payment",
"0001112223","CK",5/4/2026,($9.57),"DEBITCARD: Streaming Add-on","","Entertainment",$53234.98,"",
"0001112223","CK",5/4/2026,($17.58),"DEBITCARD: Ride Share","","Auto & Transport",$53217.40,"",
"0001112223","CK",5/5/2026,($79.99),"ACH:ISP INTERNET BILL","","Internet",$53137.41,"",
"0001112223","CK",5/5/2026,($10.24),"DEBITCARD: Coffee Shop","","Food & Drink",$53127.17,"",
"0001112223","CK",5/6/2026,($71.37),"DEBITCARD: Clothing Store","","Shopping",$53055.80,"",
"0001112223","CK",5/6/2026,($14.36),"DEBITCARD: Pet Supplies","","Pets",$53041.44,"",
"0001112223","CK",5/7/2026,($15.25),"DEBITCARD: Pet Supplies","","Pets",$53026.19,"",
"0001112223","CK",5/8/2026,($39.99),"ACH:GYM MEMBERSHIP","","Health",$52986.20,"",
"0001112223","CK",5/8/2026,($19.99),"ACH:STREAMING SUBSCRIPTION","","Entertainment",$52966.21,"",
"0001112223","CK",5/9/2026,($68.00),"ACH:MOBILE PHONE","","Utilities",$52898.21,"",
"0001112223","CK",5/10/2026,($75.39),"DEBITCARD: Clothing Store","","Shopping",$52822.82,"",
"0001112223","CK",5/12/2026,$606.87,"ACH:MOONLIGHT GIG","","Misc. Income",$53429.69,"Side work",
"0001112223","CK",5/12/2026,($27.16),"DEBITCARD: Ride Share","","Auto & Transport",$53402.53,"",
"0001112223","CK",5/13/2026,($210.00),"ACH:STUDENT LOAN SERVICER","","Loans",$53192.53,"",
"0001112223","CK",5/13/2026,($146.64),"ACH:ELECTRIC BILL","","Utilities",$53045.89,"",
"0001112223","CK",5/13/2026,($57.93),"DEBITCARD: Restaurant","","Food & Drink",$52987.96,"",
"0001112223","CK",5/13/2026,($76.05),"DEBITCARD: Hardware Store","","Home",$52911.91,"",
"0001112223","CK",5/15/2026,$3800.00,"ACH:VISTA TECH PAYROLL","","Misc. Income",$56711.91,"",
"0001112223","CK",5/16/2026,($750.00),"Web Branch:TFR TO SV 0001112223","","Transfer",$55961.91,"budgeteer:apply=savings",
"0001112223","CK",5/17/2026,($9.06),"DEBITCARD: Coffee Shop","","Food & Drink",$55952.85,"",
"0001112223","CK",5/18/2026,($30.81),"DEBITCARD: Pet Supplies","","Pets",$55922.04,"",
"0001112223","CK",5/18/2026,($24.24),"DEBITCARD: Pet Supplies","","Pets",$55897.80,"",
"0001112223","CK",5/19/2026,($51.40),"DEBITCARD: Restaurant","","Food & Drink",$55846.40,"",
"0001112223","CK",5/21/2026,($42.21),"ACH:WATER BILL","","Utilities",$55804.19,"",
"0001112223","CK",5/21/2026,$250.44,"ACH:MOONLIGHT GIG","","Misc. Income",$56054.63,"Side work",
"0001112223","CK",5/21/2026,($1810.47),"DEBITCARD: Travel Booking","","Travel",$54244.16,"",
"0001112223","CK",5/21/2026,($41.67),"DEBITCARD: Restaurant","","Food & Drink",$54202.49,"",
"0001112223","CK",5/21/2026,($52.89),"DEBITCARD: Gas Station","","Gas / Fuel",$54149.60,"budgeteer:category=Transportation",
"0001112223","CK",5/21/2026,($106.26),"DEBITCARD: Grocery Store","","Groceries",$54043.34,"",
"0001112223","CK",5/22/2026,($61.67),"DEBITCARD: Restaurant","","Food & Drink",$53981.67,"",
"0001112223","CK",5/24/2026,($9.42),"DEBITCARD: Coffee Shop","","Food & Drink",$53972.25,"",
"0001112223","CK",5/25/2026,($709.42),"ACH:CREDIT CARD PAYMENT","","Credit Card",$53262.83,"",
"0001112223","CK",5/25/2026,($145.33),"DEBITCARD: Event Tickets","","Entertainment",$53117.50,"",
"0001112223","CK",5/26/2026,$6.35,"DIVIDEND PAYMENT","","Misc. Income",$53123.85,"",
"0001112223","CK",5/26/2026,($135.00),"DEBITCARD: Event Tickets","","Entertainment",$52988.85,"",
"0001112223","CK",5/27/2026,($49.47),"DEBITCARD: Pharmacy","","Health",$52939.38,"",
"0001112223","CK",5/27/2026,($78.77),"DEBITCARD: Hardware Store","","Home",$52860.61,"",
"0001112223","CK",5/27/2026,($10.68),"DEBITCARD: Books","","Shopping",$52849.93,"",
"0001112223","CK",5/29/2026,($24.95),"DEBITCARD: Pet Supplies","","Pets",$52824.98,"",
"0001112223","CK",5/29/2026,($34.09),"DEBITCARD: Pet Supplies","","Pets",$52790.89,"",
"0001112223","CK",5/29/2026,($10.49),"DEBITCARD: Pharmacy","","Health",$52780.40,"",
"0001112223","CK",5/30/2026,($6.43),"DEBITCARD: Coffee Shop","","Food & Drink",$52773.97,"",
"0001112223","CK",5/31/2026,($39.75),"DEBITCARD: Pet Supplies","","Pets",$52734.22,"",
"0001112223","CK",6/1/2026,$3800.00,"ACH:VISTA TECH PAYROLL","","Misc. Income",$56534.22,"",
"0001112223","CK",6/1/2026,($2189.00),"ACH:Redwood Grove RENT","","Mortgage / Rent",$54345.22,"",
"0001112223","CK",6/1/2026,($29.85),"DEBITCARD: Restaurant","","Food & Drink",$54315.37,"",
"0001112223","CK",6/1/2026,($5.98),"DEBITCARD: Streaming Add-on","","Entertainment",$54309.39,"",
"0001112223","CK",6/1/2026,($30.60),"DEBITCARD: Books","","Shopping",$54278.79,"",
"0001112223","CK",6/2/2026,($217.97),"DEBITCARD: Event Tickets","","Entertainment",$54060.82,"",
"0001112223","CK",6/2/2026,($18.12),"DEBITCARD: Pet Supplies","","Pets",$54042.70,"",
"0001112223","CK",6/2/2026,($46.77),"DEBITCARD: Gas Station","","Gas / Fuel",$53995.93,"",
"0001112223","CK",6/3/2026,($245.00),"ACH:HEALTH INSURANCE","","Insurance",$53750.93,"",
"0001112223","CK",6/5/2026,($79.99),"ACH:ISP INTERNET BILL","","Internet",$53670.94,"",
"0001112223","CK",6/5/2026,($35.49),"DEBITCARD: Clothing Store","","Shopping",$53635.45,"",
"0001112223","CK",6/6/2026,($425.00),"ACH:AUTO LOAN PAYMENT","","Auto & Transport",$53210.45,"budgeteer:goal=Auto Loan Down-payment",
"0001112223","CK",6/6/2026,$771.12,"ACH:MOONLIGHT GIG","","Misc. Income",$53981.57,"Side work",
"0001112223","CK",6/8/2026,($39.99),"ACH:GYM MEMBERSHIP","","Health",$53941.58,"",
"0001112223","CK",6/8/2026,($6.57),"DEBITCARD: Coffee Shop","","Food & Drink",$53935.01,"",
"0001112223","CK",6/10/2026,($19.99),"ACH:STREAMING SUBSCRIPTION","","Entertainment",$53915.02,"",
"0001112223","CK",6/10/2026,($68.00),"ACH:MOBILE PHONE","","Utilities",$53847.02,"",
"0001112223","CK",6/10/2026,($63.03),"DEBITCARD: Pharmacy","","Health",$53783.99,"",
"0001112223","CK",6/11/2026,($75.97),"DEBITCARD: Clothing Store","","Shopping",$53708.02,"",
"0001112223","CK",6/11/2026,($14.89),"DEBITCARD: Books","","Shopping",$53693.13,"",
"0001112223","CK",6/11/2026,($3.46),"DEBITCARD: Coffee Shop","","Food & Drink",$53689.67,"",
"0001112223","CK",6/12/2026,($177.15),"ACH:ELECTRIC BILL","","Utilities",$53512.52,"",
"0001112223","CK",6/12/2026,($20.33),"DEBITCARD: Ride Share","","Auto & Transport",$53492.19,"",
"0001112223","CK",6/13/2026,($210.00),"ACH:STUDENT LOAN SERVICER","","Loans",$53282.19,"",
"0001112223","CK",6/13/2026,($41.89),"DEBITCARD: Pet Supplies","","Pets",$53240.30,"",
"0001112223","CK",6/14/2026,($55.33),"DEBITCARD: Pharmacy","","Health",$53184.97,"",
"0001112223","CK",6/14/2026,($43.43),"DEBITCARD: Restaurant","","Food & Drink",$53141.54,"",
"0001112223","CK",6/14/2026,($60.62),"DEBITCARD: Restaurant","","Food & Drink",$53080.92,"",
"0001112223","CK",6/15/2026,$3800.00,"ACH:VISTA TECH PAYROLL","","Misc. Income",$56880.92,"",
"0001112223","CK",6/15/2026,($46.54),"DEBITCARD: Pet Supplies","","Pets",$56834.38,"",
"0001112223","CK",6/16/2026,($750.00),"Web Branch:TFR TO SV 0001112223","","Transfer",$56084.38,"budgeteer:apply=savings",
"0001112223","CK",6/16/2026,($59.03),"DEBITCARD: Hardware Store","","Home",$56025.35,"",
"0001112223","CK",6/16/2026,($9.97),"DEBITCARD: Coffee Shop","","Food & Drink",$56015.38,"",
"0001112223","CK",6/18/2026,($47.62),"DEBITCARD: Pharmacy","","Health",$55967.76,"",
"0001112223","CK",6/20/2026,($172.55),"DEBITCARD: Grocery Store","","Groceries",$55795.21,"",
"0001112223","CK",6/20/2026,($70.36),"DEBITCARD: Hardware Store","","Home",$55724.85,"",
"0001112223","CK",6/21/2026,($38.36),"ACH:WATER BILL","","Utilities",$55686.49,"",
"0001112223","CK",6/22/2026,$3.48,"DIVIDEND PAYMENT","","Misc. Income",$55689.97,"",
"0001112223","CK",6/22/2026,($1935.51),"DEBITCARD: Airline","","Travel",$53754.46,"",
"0001112223","CK",6/22/2026,($209.35),"DEBITCARD: Event Tickets","","Entertainment",$53545.11,"",
"0001112223","CK",6/22/2026,($22.68),"DEBITCARD: Hardware Store","","Home",$53522.43,"",
"0001112223","CK",6/22/2026,($15.46),"DEBITCARD: Pharmacy","","Health",$53506.97,"",
"0001112223","CK",6/23/2026,($47.74),"DEBITCARD: Clothing Store","","Shopping",$53459.23,"",
"0001112223","CK",6/24/2026,($30.70),"DEBITCARD: Pharmacy","","Health",$53428.53,"",
"0001112223","CK",6/24/2026,($52.44),"DEBITCARD: Pet Supplies","","Pets",$53376.09,"",
"0001112223","CK",6/25/2026,($8.67),"DEBITCARD: Streaming Add-on","","Entertainment",$53367.42,"",
"0001112223","CK",6/25/2026,($116.36),"DEBITCARD: Grocery Store","","Groceries",$53251.06,"",
"0001112223","CK",6/27/2026,($1559.34),"ACH:CREDIT CARD PAYMENT","","Credit Card",$51691.72,"",
"0001112223","CK",6/28/2026,($82.14),"DEBITCARD: Hardware Store","","Home",$51609.58,"",
"0001112223","CK",6/30/2026,($6.30),"DEBITCARD: Coffee Shop","","Food & Drink",$51603.28,"",
"0001112223","CK",7/1/2026,$3800.00,"ACH:VISTA TECH PAYROLL","","Misc. Income",$55403.28,"",
"0001112223","CK",7/1/2026,($2189.00),"ACH:Redwood Grove RENT","","Mortgage / Rent",$53214.28,"",
"0001112223","CK",7/2/2026,($245.00),"ACH:HEALTH INSURANCE","","Insurance",$52969.28,"",
"0001112223","CK",7/3/2026,($205.32),"DEBITCARD: Grocery Store","","Groceries",$52763.96,"",
"0001112223","CK",7/3/2026,($63.37),"DEBITCARD: Clothing Store","","Shopping",$52700.59,"",
"0001112223","CK",7/5/2026,($79.99),"ACH:ISP INTERNET BILL","","Internet",$52620.60,"",
"0001112223","CK",7/5/2026,($111.87),"DEBITCARD: Grocery Store","","Groceries",$52508.73,"",
"0001112223","CK",7/6/2026,($425.00),"ACH:AUTO LOAN PAYMENT","","Auto & Transport",$52083.73,"budgeteer:goal=Auto Loan Down-payment",
"0001112223","CK",7/6/2026,($75.35),"DEBITCARD: Gas Station","","Gas / Fuel",$52008.38,"",
"0001112223","CK",7/7/2026,$935.38,"ACH:MOONLIGHT GIG","","Misc. Income",$52943.76,"Side work",
"0001112223","CK",7/7/2026,($7.08),"DEBITCARD: Pharmacy","","Health",$52936.68,"",
"0001112223","CK",7/7/2026,($203.56),"DEBITCARD: Event Tickets","","Entertainment",$52733.12,"",
"0001112223","CK",7/8/2026,($46.60),"DEBITCARD: Clothing Store","","Shopping",$52686.52,"",
"0001112223","CK",7/9/2026,($39.99),"ACH:GYM MEMBERSHIP","","Health",$52646.53,"",
"0001112223","CK",7/9/2026,($19.99),"ACH:STREAMING SUBSCRIPTION","","Entertainment",$52626.54,"",
"0001112223","CK",7/9/2026,($68.00),"ACH:MOBILE PHONE","","Utilities",$52558.54,"",
"0001112223","CK",7/9/2026,($136.71),"DEBITCARD: Grocery Store","","Groceries",$52421.83,"",
"0001112223","CK",7/9/2026,($7.02),"DEBITCARD: Coffee Shop","","Food & Drink",$52414.81,"",
"0001112223","CK",7/11/2026,($192.65),"ACH:ELECTRIC BILL","","Utilities",$52222.16,"",
"0001112223","CK",7/11/2026,($96.27),"DEBITCARD: Clothing Store","","Shopping",$52125.89,"",
"0001112223","CK",7/11/2026,($9.52),"DEBITCARD: Coffee Shop","","Food & Drink",$52116.37,"",
"0001112223","CK",7/12/2026,($210.00),"ACH:STUDENT LOAN SERVICER","","Loans",$51906.37,"",
"0001112223","CK",7/12/2026,($4.15),"DEBITCARD: Coffee Shop","","Food & Drink",$51902.22,"",
"0001112223","CK",7/13/2026,($7.06),"DEBITCARD: Streaming Add-on","","Entertainment",$51895.16,"",
"0001112223","CK",7/14/2026,($95.46),"DEBITCARD: Event Tickets","","Entertainment",$51799.70,"",
"0001112223","CK",7/15/2026,$3800.00,"ACH:VISTA TECH PAYROLL","","Misc. Income",$55599.70,"",
"0001112223","CK",7/15/2026,($750.00),"Web Branch:TFR TO SV 0001112223","","Transfer",$54849.70,"budgeteer:apply=savings",
"0001112223","CK",7/17/2026,($44.79),"DEBITCARD: Gas Station","","Gas / Fuel",$54804.91,"",
"0001112223","CK",7/18/2026,($60.27),"DEBITCARD: Restaurant","","Food & Drink",$54744.64,"",
"0001112223","CK",7/18/2026,($41.19),"DEBITCARD: Restaurant","","Food & Drink",$54703.45,"",
"0001112223","CK",7/18/2026,($26.18),"DEBITCARD: Ride Share","","Auto & Transport",$54677.27,"",
"0001112223","CK",7/20/2026,($47.51),"ACH:WATER BILL","","Utilities",$54629.76,"",
"0001112223","CK",7/20/2026,($77.70),"DEBITCARD: Hardware Store","","Home",$54552.06,"",
"0001112223","CK",7/21/2026,($61.27),"DEBITCARD: Restaurant","","Food & Drink",$54490.79,"",
"0001112223","CK",7/22/2026,($28.32),"DEBITCARD: Restaurant","","Food & Drink",$54462.47,"",
"0001112223","CK",7/22/2026,($184.23),"DEBITCARD: Grocery Store","","Groceries",$54278.24,"",
"0001112223","CK",7/23/2026,($1209.27),"ACH:CREDIT CARD PAYMENT","","Credit Card",$53068.97,"",
"0001112223","CK",7/23/2026,($5.56),"DEBITCARD: Coffee Shop","","Food & Drink",$53063.41,"",
"0001112223","CK",7/23/2026,($10.23),"DEBITCARD: Coffee Shop","","Food & Drink",$53053.18,"",
"0001112223","CK",7/24/2026,($121.56),"DEBITCARD: Event Tickets","","Entertainment",$52931.62,"",
"0001112223","CK",7/24/2026,($18.65),"DEBITCARD: Restaurant","","Food & Drink",$52912.97,"",
"0001112223","CK",7/25/2026,($15.54),"DEBITCARD: Pharmacy","","Health",$52897.43,"",
"0001112223","CK",7/25/2026,($30.49),"DEBITCARD: Pet Supplies","","Pets",$52866.94,"",
"0001112223","CK",7/25/2026,($62.58),"DEBITCARD: Gas Station","","Gas / Fuel",$52804.36,"",
"0001112223","CK",7/26/2026,($94.30),"DEBITCARD: Clothing Store","","Shopping",$52710.06,"",
"0001112223","CK",7/26/2026,($15.36),"DEBITCARD: Ride Share","","Auto & Transport",$52694.70,"",
"0001112223","CK",7/27/2026,($50.96),"DEBITCARD: Restaurant","","Food & Drink",$52643.74,"",
"0001112223","CK",7/28/2026,($16.03),"DEBITCARD: Restaurant","","Food & Drink",$52627.71,"",
"0001112223","CK",7/30/2026,($21.30),"DEBITCARD: Restaurant","","Food & Drink",$52606.41,"",
"0001112223","CK",7/30/2026,($60.23),"DEBITCARD: Hardware Store","","Home",$52546.18,"",
"0001112223","CK",8/1/2026,$3800.00,"ACH:VISTA TECH PAYROLL","","Misc. Income",$56346.18,"",
"0001112223","CK",8/1/2026,($2189.00),"ACH:Redwood Grove RENT","","Mortgage / Rent",$54157.18,"",
"0001112223","CK",8/1/2026,($46.26),"DEBITCARD: Pet Supplies","","Pets",$54110.92,"",
"0001112223","CK",8/3/2026,($245.00),"ACH:HEALTH INSURANCE","","Insurance",$53865.92,"",
"0001112223","CK",8/3/2026,($36.88),"DEBITCARD: Gas Station","","Gas / Fuel",$53829.04,"",
"0001112223","CK",8/5/2026,($425.00),"ACH:AUTO LOAN PAYMENT","","Auto & Transport",$53404.04,"budgeteer:goal=Auto Loan Down-payment",
"0001112223","CK",8/5/2026,($79.99),"ACH:ISP INTERNET BILL","","Internet",$53324.05,"",
"0001112223","CK",8/6/2026,($7.78),"DEBITCARD: Streaming Add-on","","Entertainment",$53316.27,"",
"0001112223","CK",8/6/2026,($73.13),"DEBITCARD: Hardware Store","","Home",$53243.14,"",
"0001112223","CK",8/6/2026,($31.88),"DEBITCARD: Restaurant","","Food & Drink",$53211.26,"",
"0001112223","CK",8/6/2026,($180.52),"DEBITCARD: Grocery Store","","Groceries",$53030.74,"",
"0001112223","CK",8/7/2026,($41.48),"DEBITCARD: Pet Supplies","","Pets",$52989.26,"",
"0001112223","CK",8/7/2026,($14.68),"DEBITCARD: Pharmacy","","Health",$52974.58,"",
"0001112223","CK",8/8/2026,($19.99),"ACH:STREAMING SUBSCRIPTION","","Entertainment",$52954.59,"",
"0001112223","CK",8/8/2026,$279.63,"ACH:MOONLIGHT GIG","","Misc. Income",$53234.22,"Side work",
"0001112223","CK",8/9/2026,($39.99),"ACH:GYM MEMBERSHIP","","Health",$53194.23,"",
"0001112223","CK",8/9/2026,($10.12),"DEBITCARD: Coffee Shop","","Food & Drink",$53184.11,"",
"0001112223","CK",8/9/2026,($28.31),"DEBITCARD: Pharmacy","","Health",$53155.80,"",
"0001112223","CK",8/10/2026,($68.00),"ACH:MOBILE PHONE","","Utilities",$53087.80,"",
"0001112223","CK",8/10/2026,($5.28),"DEBITCARD: Streaming Add-on","","Entertainment",$53082.52,"",
"0001112223","CK",8/11/2026,($210.00),"ACH:STUDENT LOAN SERVICER","","Loans",$52872.52,"",
"0001112223","CK",8/12/2026,($87.47),"DEBITCARD: Event Tickets","","Entertainment",$52785.05,"",
"0001112223","CK",8/12/2026,($166.27),"DEBITCARD: Grocery Store","","Groceries",$52618.78,"",
"0001112223","CK",8/13/2026,($160.50),"DEBITCARD: Grocery Store","","Groceries",$52458.28,"",
"0001112223","CK",8/14/2026,($34.30),"DEBITCARD: Pet Supplies","","Pets",$52423.98,"",
"0001112223","CK",8/15/2026,$3800.00,"ACH:VISTA TECH PAYROLL","","Misc. Income",$56223.98,"",
"0001112223","CK",8/15/2026,($208.15),"ACH:ELECTRIC BILL","","Utilities",$56015.83,"",
"0001112223","CK",8/15/2026,($750.00),"Web Branch:TFR TO SV 0001112223","","Transfer",$55265.83,"budgeteer:apply=savings",
"0001112223","CK",8/15/2026,($161.19),"DEBITCARD: Event Tickets","","Entertainment",$55104.64,"",
"0001112223","CK",8/15/2026,($89.37),"DEBITCARD: Grocery Store","","Groceries",$55015.27,"",
"0001112223","CK",8/17/2026,($157.36),"DEBITCARD: Event Tickets","","Entertainment",$54857.91,"",
"0001112223","CK",8/18/2026,($29.03),"DEBITCARD: Restaurant","","Food & Drink",$54828.88,"",
"0001112223","CK",8/20/2026,($77.99),"DEBITCARD: Hardware Store","","Home",$54750.89,"",
"0001112223","CK",8/20/2026,($55.48),"DEBITCARD: Pharmacy","","Health",$54695.41,"",
"0001112223","CK",8/21/2026,($62.10),"DEBITCARD: Clothing Store","","Shopping",$54633.31,"",
"0001112223","CK",8/21/2026,($43.67),"DEBITCARD: Pharmacy","","Health",$54589.64,"",
"0001112223","CK",8/22/2026,($10.56),"DEBITCARD: Streaming Add-on","","Entertainment",$54579.08,"",
"0001112223","CK",8/24/2026,($43.66),"ACH:WATER BILL","","Utilities",$54535.42,"",
"0001112223","CK",8/24/2026,($128.43),"DEBITCARD: Grocery Store","","Groceries",$54406.99,"",
"0001112223","CK",8/25/2026,($859.20),"ACH:CREDIT CARD PAYMENT","","Credit Card",$53547.79,"",
"0001112223","CK",8/25/2026,($111.88),"DEBITCARD: Clothing Store","","Shopping",$53435.91,"",
"0001112223","CK",8/25/2026,($8.17),"DEBITCARD: Coffee Shop","","Food & Drink",$53427.74,"",
"0001112223","CK",8/25/2026,($77.90),"DEBITCARD: Hardware Store","","Home",$53349.84,"",
"0001112223","CK",8/26/2026,($11.41),"DEBITCARD: Books","","Shopping",$53338.43,"",
"0001112223","CK",8/27/2026,($64.90),"DEBITCARD: Event Tickets","","Entertainment",$53273.53,"",
"0001112223","CK",8/27/2026,($28.62),"DEBITCARD: Books","","Shopping",$53244.91,"",
"0001112223","CK",8/28/2026,($54.63),"DEBITCARD: Event Tickets","","Entertainment",$53190.28,"",
"0001112223","CK",8/29/2026,($137.28),"DEBITCARD: Grocery Store","","Groceries",$53053.00,"",
"0001112223","CK",8/29/2026,($11.56),"DEBITCARD: Streaming Add-on","","Entertainment",$53041.44,"",
"0001112223","CK",8/31/2026,($27.49),"DEBITCARD: Ride Share","","Auto & Transport",$53013.95,"",
"0001112223","CK",9/1/2026,$3800.00,"ACH:VISTA TECH PAYROLL","","Misc. Income",$56813.95,"",
"0001112223","CK",9/1/2026,($2189.00),"ACH:Redwood Grove RENT","","Mortgage / Rent",$54624.95,"",
"0001112223","CK",9/1/2026,($245.00),"ACH:HEALTH INSURANCE","","Insurance",$54379.95,"",
"0001112223","CK",9/1/2026,($26.13),"DEBITCARD: Restaurant","","Food & Drink",$54353.82,"",
"0001112223","CK",9/1/2026,($53.71),"DEBITCARD: Clothing Store","","Shopping",$54300.11,"",
"0001112223","CK",9/3/2026,($111.33),"DEBITCARD: Event Tickets","","Entertainment",$54188.78,"",
"0001112223","CK",9/4/2026,($425.00),"ACH:AUTO LOAN PAYMENT","","Auto & Transport",$53763.78,"budgeteer:goal=Auto Loan Down-payment",
"0001112223","CK",9/4/2026,($10.01),"DEBITCARD: Coffee Shop","","Food & Drink",$53753.77,"",
"0001112223","CK",9/5/2026,($79.99),"ACH:ISP INTERNET BILL","","Internet",$53673.78,"",
"0001112223","CK",9/5/2026,($43.03),"DEBITCARD: Pharmacy","","Health",$53630.75,"",
"0001112223","CK",9/5/2026,($35.85),"DEBITCARD: Event Tickets","","Entertainment",$53594.90,"",
"0001112223","CK",9/6/2026,($36.77),"DEBITCARD: Restaurant","","Food & Drink",$53558.13,"",
"0001112223","CK",9/7/2026,($99.22),"DEBITCARD: Clothing Store","","Shopping",$53458.91,"",
"0001112223","CK",9/7/2026,($79.03),"DEBITCARD: Clothing Store","","Shopping",$53379.88,"",
"0001112223","CK",9/9/2026,($39.99),"ACH:GYM MEMBERSHIP","","Health",$53339.89,"",
"0001112223","CK",9/9/2026,$443.89,"ACH:MOONLIGHT GIG","","Misc. Income",$53783.78,"Side work",
"0001112223","CK",9/9/2026,($59.14),"DEBITCARD: Restaurant","","Food & Drink",$53724.64,"",
"0001112223","CK",9/9/2026,($52.12),"DEBITCARD: Hardware Store","","Home",$53672.52,"",
"0001112223","CK",9/9/2026,($35.37),"DEBITCARD: Pet Supplies","","Pets",$53637.15,"",
"0001112223","CK",9/10/2026,($19.99),"ACH:STREAMING SUBSCRIPTION","","Entertainment",$53617.16,"",
"0001112223","CK",9/11/2026,($68.00),"ACH:MOBILE PHONE","","Utilities",$53549.16,"",
"0001112223","CK",9/11/2026,($69.65),"DEBITCARD: Hardware Store","","Home",$53479.51,"",
"0001112223","CK",9/11/2026,($90.80),"DEBITCARD: Grocery Store","","Groceries",$53388.71,"",
"0001112223","CK",9/12/2026,($9.99),"DEBITCARD: Streaming Add-on","","Entertainment",$53378.72,"",
"0001112223","CK",9/12/2026,($6.29),"DEBITCARD: Coffee Shop","","Food & Drink",$53372.43,"",
"0001112223","CK",9/13/2026,($210.00),"ACH:STUDENT LOAN SERVICER","","Loans",$53162.43,"",
"0001112223","CK",9/13/2026,($206.44),"DEBITCARD: Grocery Store","","Groceries",$52955.99,"",
"0001112223","CK",9/13/2026,($7.66),"DEBITCARD: Streaming Add-on","","Entertainment",$52948.33,"",
"0001112223","CK",9/14/2026,($183.65),"ACH:ELECTRIC BILL","","Utilities",$52764.68,"",
"0001112223","CK",9/14/2026,($12.91),"DEBITCARD: Ride Share","","Auto & Transport",$52751.77,"",
"0001112223","CK",9/15/2026,$3800.00,"ACH:VISTA TECH PAYROLL","","Misc. Income",$56551.77,"",
"0001112223","CK",9/15/2026,($59.80),"DEBITCARD: Restaurant","","Food & Drink",$56491.97,"",
"0001112223","CK",9/17/2026,($750.00),"Web Branch:TFR TO SV 0001112223","","Transfer",$55741.97,"budgeteer:apply=savings",
"0001112223","CK",9/18/2026,($56.83),"DEBITCARD: Gas Station","","Gas / Fuel",$55685.14,"",
"0001112223","CK",9/18/2026,($10.13),"DEBITCARD: Pharmacy","","Health",$55675.01,"",
"0001112223","CK",9/19/2026,($44.59),"DEBITCARD: Restaurant","","Food & Drink",$55630.42,"",
"0001112223","CK",9/19/2026,($16.19),"DEBITCARD: Pet Supplies","","Pets",$55614.23,"",
"0001112223","CK",9/20/2026,($3.25),"DEBITCARD: Coffee Shop","","Food & Drink",$55610.98,"",
"0001112223","CK",9/22/2026,($22.55),"DEBITCARD: Pet Supplies","","Pets",$55588.43,"",
"0001112223","CK",9/24/2026,($39.81),"ACH:WATER BILL","","Utilities",$55548.62,"",
"0001112223","CK",9/24/2026,($52.72),"DEBITCARD: Gas Station","","Gas / Fuel",$55495.90,"",
"0001112223","CK",9/25/2026,$9.32,"DIVIDEND PAYMENT","","Misc. Income",$55505.22,"",
"0001112223","CK",9/26/2026,($55.80),"DEBITCARD: Restaurant","","Food & Drink",$55449.42,"",
"0001112223","CK",9/27/2026,($1709.13),"ACH:CREDIT CARD PAYMENT","","Credit Card",$53740.29,"",
"0001112223","CK",9/27/2026,($47.15),"DEBITCARD: Hardware Store","","Home",$53693.14,"",
"0001112223","CK",9/27/2026,($66.72),"DEBITCARD: Hardware Store","","Home",$53626.42,"",
"0001112223","CK",9/27/2026,($154.01),"DEBITCARD: Grocery Store","","Groceries",$53472.41,"",
"0001112223","CK",9/28/2026,($50.36),"DEBITCARD: Pharmacy","","Health",$53422.05,"",
"0001112223","CK",9/29/2026,($67.55),"DEBITCARD: Gas Station","","Gas / Fuel",$53354.50,"",
"0001112223","CK",9/29/2026,($5.52),"DEBITCARD: Coffee Shop","","Food & Drink",$53348.98,"",
"0001112223","CK",10/1/2026,$3800.00,"ACH:VISTA TECH PAYROLL","","Misc. Income",$57148.98,"",
"0001112223","CK",10/1/2026,($2189.00),"ACH:Redwood Grove RENT","","Mortgage / Rent",$54959.98,"",
"0001112223","CK",10/1/2026,($31.71),"DEBITCARD: Pet Supplies","","Pets",$54928.27,"",
"0001112223","CK",10/2/2026,($19.43),"DEBITCARD: Pharmacy","","Health",$54908.84,"",
"0001112223","CK",10/3/2026,($245.00),"ACH:HEALTH INSURANCE","","Insurance",$54663.84,"",
"0001112223","CK",10/3/2026,($34.00),"DEBITCARD: Books","","Shopping",$54629.84,"",
"0001112223","CK",10/4/2026,($136.37),"DEBITCARD: Event Tickets","","Entertainment",$54493.47,"",
"0001112223","CK",10/5/2026,($79.99),"ACH:ISP INTERNET BILL","","Internet",$54413.48,"",
"0001112223","CK",10/5/2026,($5.71),"DEBITCARD: Coffee Shop","","Food & Drink",$54407.77,"",
"0001112223","CK",10/5/2026,($21.16),"DEBITCARD: Pharmacy","","Health",$54386.61,"",
"0001112223","CK",10/5/2026,($17.58),"DEBITCARD: Pet Supplies","","Pets",$54369.03,"",
"0001112223","CK",10/6/2026,($425.00),"ACH:AUTO LOAN PAYMENT","","Auto & Transport",$53944.03,"budgeteer:goal=Auto Loan Down-payment",
"0001112223","CK",10/6/2026,($61.35),"DEBITCARD: Hardware Store","","Home",$53882.68,"",
"0001112223","CK",10/6/2026,($61.86),"DEBITCARD: Grocery Store","","Groceries",$53820.82,"",
"0001112223","CK",10/6/2026,($62.84),"DEBITCARD: Gas Station","","Gas / Fuel",$53757.98,"",
"0001112223","CK",10/6/2026,($81.04),"DEBITCARD: Hardware Store","","Home",$53676.94,"",
"0001112223","CK",10/7/2026,($39.99),"ACH:GYM MEMBERSHIP","","Health",$53636.95,"",
"0001112223","CK",10/7/2026,($6.39),"DEBITCARD: Streaming Add-on","","Entertainment",$53630.56,"",
"0001112223","CK",10/7/2026,($99.50),"DEBITCARD: Grocery Store","","Groceries",$53531.06,"",
"0001112223","CK",10/9/2026,($101.68),"DEBITCARD: Event Tickets","","Entertainment",$53429.38,"",
"0001112223","CK",10/10/2026,($19.99),"ACH:STREAMING SUBSCRIPTION","","Entertainment",$53409.39,"",
"0001112223","CK",10/10/2026,($68.00),"ACH:MOBILE PHONE","","Utilities",$53341.39,"",
"0001112223","CK",10/10/2026,($21.66),"DEBITCARD: Pet Supplies","","Pets",$53319.73,"",
"0001112223","CK",10/11/2026,($59.17),"DEBITCARD: Restaurant","","Food & Drink",$53260.56,"",
"0001112223","CK",10/12/2026,($210.00),"ACH:STUDENT LOAN SERVICER","","Loans",$53050.56,"",
"0001112223","CK",10/12/2026,($44.58),"DEBITCARD: Gas Station","","Gas / Fuel",$53005.98,"",
"0001112223","CK",10/13/2026,($144.15),"ACH:ELECTRIC BILL","","Utilities",$52861.83,"",
"0001112223","CK",10/13/2026,($8.62),"DEBITCARD: Coffee Shop","","Food & Drink",$52853.21,"",
"0001112223","CK",10/13/2026,($74.04),"DEBITCARD: Grocery Store","","Groceries",$52779.17,"",
"0001112223","CK",10/15/2026,$3800.00,"ACH:VISTA TECH PAYROLL","","Misc. Income",$56579.17,"",
"0001112223","CK",10/15/2026,($48.85),"DEBITCARD: Clothing Store","","Shopping",$56530.32,"",
"0001112223","CK",10/16/2026,($33.70),"DEBITCARD: Hardware Store","","Home",$56496.62,"",
"0001112223","CK",10/16/2026,($8.72),"DEBITCARD: Streaming Add-on","","Entertainment",$56487.90,"",
"0001112223","CK",10/17/2026,($750.00),"Web Branch:TFR TO SV 0001112223","","Transfer",$55737.90,"budgeteer:apply=savings",
"0001112223","CK",10/17/2026,($31.18),"DEBITCARD: Restaurant","","Food & Drink",$55706.72,"",
"0001112223","CK",10/17/2026,($50.18),"DEBITCARD: Pharmacy","","Health",$55656.54,"",
"0001112223","CK",10/17/2026,($70.41),"DEBITCARD: Grocery Store","","Groceries",$55586.13,"",
"0001112223","CK",10/18/2026,($74.57),"DEBITCARD: Hardware Store","","Home",$55511.56,"",
"0001112223","CK",10/20/2026,($62.53),"DEBITCARD: Pharmacy","","Health",$55449.03,"",
"0001112223","CK",10/21/2026,($31.05),"DEBITCARD: Gas Station","","Gas / Fuel",$55417.98,"",
"0001112223","CK",10/22/2026,($12.49),"DEBITCARD: Pharmacy","","Health",$55405.49,"",
"0001112223","CK",10/22/2026,($6.06),"DEBITCARD: Coffee Shop","","Food & Drink",$55399.43,"",
"0001112223","CK",10/22/2026,($120.89),"DEBITCARD: Clothing Store","","Shopping",$55278.54,"",
"0001112223","CK",10/23/2026,($48.96),"ACH:WATER BILL","","Utilities",$55229.58,"",
"0001112223","CK",10/23/2026,($1359.05),"ACH:CREDIT CARD PAYMENT","","Credit Card",$53870.53,"",
"0001112223","CK",10/25/2026,($19.03),"DEBITCARD: Restaurant","","Food & Drink",$53851.50,"",
"0001112223","CK",10/25/2026,($40.53),"DEBITCARD: Hardware Store","","Home",$53810.97,"",
"0001112223","CK",10/26/2026,($123.62),"DEBITCARD: Event Tickets","","Entertainment",$53687.35,"",
"0001112223","CK",10/27/2026,($58.99),"DEBITCARD: Pharmacy","","Health",$53628.36,"",
"0001112223","CK",10/27/2026,($97.49),"DEBITCARD: Clothing Store","","Shopping",$53530.87,"",
"0001112223","CK",11/1/2026,$3800.00,"ACH:VISTA TECH PAYROLL","","Misc. Income",$57330.87,"",
"0001112223","CK",11/1/2026,($2189.00),"ACH:Redwood Grove RENT","","Mortgage / Rent",$55141.87,"",
"0001112223","CK",11/1/2026,($245.00),"ACH:HEALTH INSURANCE","","Insurance",$54896.87,"",
"0001112223","CK",11/5/2026,($425.00),"ACH:AUTO LOAN PAYMENT","","Auto & Transport",$54471.87,"budgeteer:goal=Auto Loan Down-payment",
"0001112223","CK",11/5/2026,($79.99),"ACH:ISP INTERNET BILL","","Internet",$54391.88,"",
"0001112223","CK",11/5/2026,($25.57),"DEBITCARD: Ride Share","","Auto & Transport",$54366.31,"",
"0001112223","CK",11/6/2026,($57.36),"DEBITCARD: Restaurant","","Food & Drink",$54308.95,"",
"0001112223","CK",11/6/2026,($17.24),"DEBITCARD: Ride Share","","Auto & Transport",$54291.71,"",
"0001112223","CK",11/6/2026,($83.17),"DEBITCARD: Clothing Store","","Shopping",$54208.54,"",
"0001112223","CK",11/7/2026,($39.99),"ACH:GYM MEMBERSHIP","","Health",$54168.55,"",
"0001112223","CK",11/8/2026,($44.35),"DEBITCARD: Restaurant","","Food & Drink",$54124.20,"",
"0001112223","CK",11/9/2026,($19.99),"ACH:STREAMING SUBSCRIPTION","","Entertainment",$54104.21,"",
"0001112223","CK",11/9/2026,($39.45),"DEBITCARD: Event Tickets","","Entertainment",$54064.76,"",
"0001112223","CK",11/10/2026,($77.25),"DEBITCARD: Clothing Store","","Shopping",$53987.51,"",
"0001112223","CK",11/11/2026,($68.00),"ACH:MOBILE PHONE","","Utilities",$53919.51,"",
"0001112223","CK",11/11/2026,($210.00),"ACH:STUDENT LOAN SERVICER","","Loans",$53709.51,"",
"0001112223","CK",11/11/2026,($11.93),"DEBITCARD: Books","","Shopping",$53697.58,"",
"0001112223","CK",11/11/2026,($154.64),"DEBITCARD: Event Tickets","","Entertainment",$53542.94,"",
"0001112223","CK",11/12/2026,($119.66),"ACH:ELECTRIC BILL","","Utilities",$53423.28,"",
"0001112223","CK",11/12/2026,($130.50),"DEBITCARD: Clothing Store","","Shopping",$53292.78,"",
"0001112223","CK",11/12/2026,($52.23),"DEBITCARD: Restaurant","","Food & Drink",$53240.55,"",
"0001112223","CK",11/13/2026,($8.73),"DEBITCARD: Streaming Add-on","","Entertainment",$53231.82,"",
"0001112223","CK",11/14/2026,($137.25),"DEBITCARD: Clothing Store","","Shopping",$53094.57,"",
"0001112223","CK",11/14/2026,($68.53),"DEBITCARD: Grocery Store","","Groceries",$53026.04,"",
"0001112223","CK",11/14/2026,($7.90),"DEBITCARD: Coffee Shop","","Food & Drink",$53018.14,"",
"0001112223","CK",11/15/2026,$3800.00,"ACH:VISTA TECH PAYROLL","","Misc. Income",$56818.14,"",
"0001112223","CK",11/15/2026,($56.61),"DEBITCARD: Restaurant","","Food & Drink",$56761.53,"",
"0001112223","CK",11/16/2026,($750.00),"Web Branch:TFR TO SV 0001112223","","Transfer",$56011.53,"budgeteer:apply=savings",
"0001112223","CK",11/16/2026,($71.72),"DEBITCARD: Clothing Store","","Shopping",$55939.81,"",
"0001112223","CK",11/16/2026,($200.01),"DEBITCARD: Event Tickets","","Entertainment",$55739.80,"",
"0001112223","CK",11/16/2026,($53.11),"DEBITCARD: Pet Supplies","","Pets",$55686.69,"",
"0001112223","CK",11/17/2026,($59.97),"DEBITCARD: Restaurant","","Food & Drink",$55626.72,"",
"0001112223","CK",11/17/2026,($9.77),"DEBITCARD: Coffee Shop","","Food & Drink",$55616.95,"",
"0001112223","CK",11/18/2026,($54.37),"DEBITCARD: Pet Supplies","","Pets",$55562.58,"",
"0001112223","CK",11/20/2026,($19.38),"DEBITCARD: Pharmacy","","Health",$55543.20,"",
"0001112223","CK",11/20/2026,($3.81),"DEBITCARD: Coffee Shop","","Food & Drink",$55539.39,"",
"0001112223","CK",11/20/2026,($52.57),"DEBITCARD: Pet Supplies","","Pets",$55486.82,"",
"0001112223","CK",11/21/2026,($744.27),"DEBITCARD: Airline","","Travel",$54742.55,"",
"0001112223","CK",11/21/2026,($7.17),"DEBITCARD: Streaming Add-on","","Entertainment",$54735.38,"",
"0001112223","CK",11/21/2026,($28.91),"DEBITCARD: Restaurant","","Food & Drink",$54706.47,"",
"0001112223","CK",11/22/2026,($45.11),"ACH:WATER BILL","","Utilities",$54661.36,"",
"0001112223","CK",11/22/2026,($35.10),"DEBITCARD: Pet Supplies","","Pets",$54626.26,"",
"0001112223","CK",11/22/2026,($127.25),"DEBITCARD: Event Tickets","","Entertainment",$54499.01,"",
"0001112223","CK",11/22/2026,($5.61),"DEBITCARD: Streaming Add-on","","Entertainment",$54493.40,"",
"0001112223","CK",11/23/2026,($53.63),"DEBITCARD: Restaurant","","Food & Drink",$54439.77,"",
"0001112223","CK",11/24/2026,($14.82),"DEBITCARD: Books","","Shopping",$54424.95,"",
"0001112223","CK",11/24/2026,($43.57),"DEBITCARD: Restaurant","","Food & Drink",$54381.38,"",
"0001112223","CK",11/25/2026,($1008.98),"ACH:CREDIT CARD PAYMENT","","Credit Card",$53372.40,"",
"0001112223","CK",11/28/2026,($29.05),"DEBITCARD: Books","","Shopping",$53343.35,"",
"0001112223","CK",11/30/2026,($26.41),"DEBITCARD: Pet Supplies","","Pets",$53316.94,"",
"0001112223","CK",12/1/2026,$3800.00,"ACH:VISTA TECH PAYROLL","","Misc. Income",$57116.94,"",
"0001112223","CK",12/1/2026,($2189.00),"ACH:Redwood Grove RENT","","Mortgage / Rent",$54927.94,"",
"0001112223","CK",12/2/2026,($9.67),"DEBITCARD: Streaming Add-on","","Entertainment",$54918.27,"",
"0001112223","CK",12/3/2026,($245.00),"ACH:HEALTH INSURANCE","","Insurance",$54673.27,"",
"0001112223","CK",12/4/2026,($425.00),"ACH:AUTO LOAN PAYMENT","","Auto & Transport",$54248.27,"budgeteer:goal=Auto Loan Down-payment",
"0001112223","CK",12/4/2026,($7.07),"DEBITCARD: Coffee Shop","","Food & Drink",$54241.20,"",
"0001112223","CK",12/5/2026,($68.91),"DEBITCARD: Gas Station","","Gas / Fuel",$54172.29,"",
"0001112223","CK",12/5/2026,($202.07),"DEBITCARD: Grocery Store","","Groceries",$53970.22,"",
"0001112223","CK",12/5/2026,($20.68),"DEBITCARD: Restaurant","","Food & Drink",$53949.54,"",
"0001112223","CK",12/6/2026,($79.99),"ACH:ISP INTERNET BILL","","Internet",$53869.55,"",
"0001112223","CK",12/6/2026,($26.64),"DEBITCARD: Ride Share","","Auto & Transport",$53842.91,"",
"0001112223","CK",12/6/2026,($92.60),"DEBITCARD: Event Tickets","","Entertainment",$53750.31,"",
"0001112223","CK",12/8/2026,($39.99),"ACH:GYM MEMBERSHIP","","Health",$53710.32,"",
"0001112223","CK",12/8/2026,($19.99),"ACH:STREAMING SUBSCRIPTION","","Entertainment",$53690.33,"",
"0001112223","CK",12/8/2026,($26.82),"DEBITCARD: Hardware Store","","Home",$53663.51,"",
"0001112223","CK",12/9/2026,($68.00),"ACH:MOBILE PHONE","","Utilities",$53595.51,"",
"0001112223","CK",12/9/2026,($162.71),"DEBITCARD: Event Tickets","","Entertainment",$53432.80,"",
"0001112223","CK",12/10/2026,($92.33),"DEBITCARD: Event Tickets","","Entertainment",$53340.47,"",
"0001112223","CK",12/11/2026,($210.00),"ACH:STUDENT LOAN SERVICER","","Loans",$53130.47,"",
"0001112223","CK",12/11/2026,($170.16),"ACH:ELECTRIC BILL","","Utilities",$52960.31,"",
"0001112223","CK",12/11/2026,($10.00),"DEBITCARD: Pharmacy","","Health",$52950.31,"",
"0001112223","CK",12/12/2026,($47.03),"DEBITCARD: Gas Station","","Gas / Fuel",$52903.28,"",
"0001112223","CK",12/13/2026,($320.01),"DEBITCARD: Medical Bill","","Health",$52583.27,"",
"0001112223","CK",12/13/2026,($5.14),"DEBITCARD: Streaming Add-on","","Entertainment",$52578.13,"",
"0001112223","CK",12/14/2026,($48.69),"DEBITCARD: Restaurant","","Food & Drink",$52529.44,"",
"0001112223","CK",12/15/2026,$3800.00,"ACH:VISTA TECH PAYROLL","","Misc. Income",$56329.44,"",
"0001112223","CK",12/15/2026,($750.00),"Web Branch:TFR TO SV 0001112223","","Transfer",$55579.44,"budgeteer:apply=savings",
"0001112223","CK",12/15/2026,($168.05),"DEBITCARD: Grocery Store","","Groceries",$55411.39,"",
"0001112223","CK",12/15/2026,($8.90),"DEBITCARD: Coffee Shop","","Food & Drink",$55402.49,"",
"0001112223","CK",12/15/2026,($39.82),"DEBITCARD: Gas Station","","Gas / Fuel",$55362.67,"",
"0001112223","CK",12/17/2026,($72.06),"DEBITCARD: Gas Station","","Gas / Fuel",$55290.61,"",
"0001112223","CK",12/17/2026,($45.37),"DEBITCARD: Pet Supplies","","Pets",$55245.24,"",
"0001112223","CK",12/18/2026,($30.19),"DEBITCARD: Clothing Store","","Shopping",$55215.05,"",
"0001112223","CK",12/18/2026,($27.80),"DEBITCARD: Ride Share","","Auto & Transport",$55187.25,"",
"0001112223","CK",12/21/2026,($41.26),"ACH:WATER BILL","","Utilities",$55145.99,"",
"0001112223","CK",12/22/2026,($71.67),"DEBITCARD: Hardware Store","","Home",$55074.32,"",
"0001112223","CK",12/23/2026,($6.51),"DEBITCARD: Coffee Shop","","Food & Drink",$55067.81,"",
"0001112223","CK",12/24/2026,($49.30),"DEBITCARD: Gas Station","","Gas / Fuel",$55018.51,"",
"0001112223","CK",12/25/2026,($39.14),"DEBITCARD: Gas Station","","Gas / Fuel",$54979.37,"",
"0001112223","CK",12/26/2026,($21.84),"DEBITCARD: Ride Share","","Auto & Transport",$54957.53,"",
"0001112223","CK",12/26/2026,($27.69),"DEBITCARD: Pharmacy","","Health",$54929.84,"",
"0001112223","CK",12/27/2026,($658.91),"ACH:CREDIT CARD PAYMENT","","Credit Card",$54270.93,"",
"0001112223","CK",12/27/2026,($59.80),"DEBITCARD: Clothing Store","","Shopping",$54211.13,"",
"0001112223","CK",12/27/2026,($5.74),"DEBITCARD: Coffee Shop","","Food & Drink",$54205.39,"",
"0001112223","CK",12/27/2026,($26.26),"DEBITCARD: Restaurant","","Food & Drink",$54179.13,"",
"0001112223","CK",12/28/2026,$5.69,"DIVIDEND PAYMENT","","Misc. Income",$54184.82,"",
"0001112223","CK",12/28/2026,($6.93),"DEBITCARD: Streaming Add-on","","Entertainment",$54177.89,"",
"0001112223","CK",12/29/2026,($11.50),"DEBITCARD: Streaming Add-on","","Entertainment",$54166.39,"",
"0001112223","CK",12/30/2026,($48.22),"DEBITCARD: Gas Station","","Gas / Fuel",$54118.17,"",
"0001112223","CK",12/31/2026,($23.99),"DEBITCARD: Pharmacy","","Health",$54094.18,"",
