"AccountNumber","AccountType","Posted Date","Amount","Description","Check Number","Category","Balance","Note",""
"0001112223","CK",1/1/2022,$3800.00,"ACH:VISTA TECH PAYROLL","","Misc. Income",$12300.00,"budgeteer:rename=Primary Paycheck",
"0001112223","CK",1/1/2022,($2189.00),"ACH:Redwood Grove RENT","","Mortgage / Rent",$10111.00,"",
"0001112223","CK",1/1/2022,($245.00),"ACH:HEALTH INSURANCE","","Insurance",$9866.00,"",
"0001112223","CK",1/1/2022,($46.22),"DEBITCARD: Pet Supplies","","Pets",$9819.78,"",
"0001112223","CK",1/2/2022,($9.47),"DEBITCARD: Pharmacy","","Health",$9810.31,"",
"0001112223","CK",1/2/2022,($10.85),"DEBITCARD: Streaming Add-on","","Entertainment",$9799.46,"",
"0001112223","CK",1/3/2022,($118.49),"DEBITCARD: Grocery Store","","Groceries",$9680.97,"",
"0001112223","CK",1/3/2022,($9.03),"DEBITCARD: Pharmacy","","Health",$9671.94,"",
"0001112223","CK",1/4/2022,($425.00),"ACH:AUTO LOAN PAYMENT","","Auto & Transport",$9246.94,"budgeteer:goal=Auto Loan Down-payment",
"0001112223","CK",1/5/2022,($79.99),"ACH:ISP INTERNET BILL","","Internet",$9166.95,"",
"0001112223","CK",1/7/2022,($44.02),"DEBITCARD: Pet Supplies","","Pets",$9122.93,"",
"0001112223","CK",1/8/2022,($39.99),"ACH:GYM MEMBERSHIP","","Health",$9082.94,"",
"0001112223","CK",1/8/2022,($53.75),"DEBITCARD: Pet Supplies","","Pets",$9029.19,"",
"0001112223","CK",1/8/2022,($7.28),"DEBITCARD: Ride Share","","Auto & Transport",$9021.91,"",
"0001112223","CK",1/9/2022,($136.66),"DEBITCARD: Clothing Store","","Shopping",$8885.25,"",
"0001112223","CK",1/9/2022,($12.26),"DEBITCARD: Ride Share","","Auto & Transport",$8872.99,"",
"0001112223","CK",1/10/2022,($19.99),"ACH:STREAMING SUBSCRIPTION","","Entertainment",$8853.00,"",
"0001112223","CK",1/11/2022,($68.00),"ACH:MOBILE PHONE","","Utilities",$8785.00,"",
"0001112223","CK",1/11/2022,($210.00),"ACH:STUDENT LOAN SERVICER","","Loans",$8575.00,"",
"0001112223","CK",1/11/2022,($60.58),"DEBITCARD: Event Tickets","","Entertainment",$8514.42,"",
"0001112223","CK",1/11/2022,($6.98),"DEBITCARD: Coffee Shop","","Food & Drink",$8507.44,"",
"0001112223","CK",1/11/2022,($38.16),"DEBITCARD: Gas Station","","Gas / Fuel",$8469.28,"",
"0001112223","CK",1/11/2022,($23.43),"DEBITCARD: Books","","Shopping",$8445.85,"",
"0001112223","CK",1/12/2022,($175.53),"ACH:ELECTRIC BILL","","Utilities",$8270.32,"",
"0001112223","CK",1/12/2022,$265.58,"ACH:MOONLIGHT GIG","","Misc. Income",$8535.90,"Side work",
"0001112223","CK",1/13/2022,($7.65),"DEBITCARD: Coffee Shop","","Food & Drink",$8528.25,"",
"0001112223","CK",1/13/2022,($35.30),"DEBITCARD: Pharmacy","","Health",$8492.95,"",
"0001112223","CK",1/14/2022,($9.69),"DEBITCARD: Ride Share","","Auto & Transport",$8483.26,"",
"0001112223","CK",1/15/2022,$3800.00,"ACH:VISTA TECH PAYROLL","","Misc. Income",$12283.26,"",
"0001112223","CK",1/15/2022,($750.00),"Web Branch:TFR TO SV 0001112223","","Transfer",$11533.26,"budgeteer:apply=savings",
"0001112223","CK",1/15/2022,($38.81),"DEBITCARD: Clothing Store","","Shopping",$11494.45,"",
"0001112223","CK",1/19/2022,($40.86),"DEBITCARD: Gas Station","","Gas / Fuel",$11453.59,"",
"0001112223","CK",1/19/2022,($22.36),"DEBITCARD: Books","","Shopping",$11431.23,"",
"0001112223","CK",1/20/2022,($20.96),"DEBITCARD: Pharmacy","","Health",$11410.27,"",
"0001112223","CK",1/20/2022,($8.51),"DEBITCARD: Ride Share","","Auto & Transport",$11401.76,"",
"0001112223","CK",1/21/2022,($26.55),"DEBITCARD: Ride Share","","Auto & Transport",$11375.21,"",
"0001112223","CK",1/21/2022,($43.27),"DEBITCARD: Hardware Store","","Home",$11331.94,"",
"0001112223","CK",1/22/2022,($47.47),"ACH:WATER BILL","","Utilities",$11284.47,"",
"0001112223","CK",1/22/2022,($35.10),"DEBITCARD: Restaurant","","Food & Drink",$11249.37,"",
"0001112223","CK",1/22/2022,($66.19),"DEBITCARD: Event Tickets","","Entertainment",$11183.18,"",
"0001112223","CK",1/22/2022,($37.61),"DEBITCARD: Pet Supplies","","Pets",$11145.57,"",
"0001112223","CK",1/23/2022,($5.29),"DEBITCARD: Streaming Add-on","","Entertainment",$11140.28,"",
"0001112223","CK",1/24/2022,($18.15),"DEBITCARD: Books","","Shopping",$11122.13,"",
"0001112223","CK",1/24/2022,($42.64),"DEBITCARD: Gas Station","","Gas / Fuel",$11079.49,"",
"0001112223","CK",1/25/2022,($913.22),"ACH:CREDIT CARD PAYMENT","","Credit Card",$10166.27,"",
"0001112223","CK",1/26/2022,($72.96),"DEBITCARD: Gas Station","","Gas / Fuel",$10093.31,"",
"0001112223","CK",1/27/2022,($62.90),"DEBITCARD: Gas Station","","Gas / Fuel",$10030.41,"",
"0001112223","CK",1/27/2022,($9.29),"DEBITCARD: Books","","Shopping",$10021.12,"",
"0001112223","CK",1/29/2022,($29.34),"DEBITCARD: Restaurant","","Food & Drink",$9991.78,"",
"0001112223","CK",1/30/2022,($20.55),"DEBITCARD: Pharmacy","","Health",$9971.23,"",
"0001112223","CK",2/1/2022,$3800.00,"ACH:VISTA TECH PAYROLL","","Misc. Income",$13771.23,"",
"0001112223","CK",2/1/2022,($2189.00),"ACH:Redwood Grove RENT","","Mortgage / Rent",$11582.23,"",
"0001112223","CK",2/1/2022,($18.70),"DEBITCARD: Restaurant","","Food & Drink",$11563.53,"",
"0001112223","CK",2/1/2022,($143.73),"DEBITCARD: Grocery Store","","Groceries",$11419.80,"",
"0001112223","CK",2/2/2022,($38.28),"DEBITCARD: Hardware Store","","Home",$11381.52,"",
"0001112223","CK",2/2/2022,($126.46),"DEBITCARD: Event Tickets","","Entertainment",$11255.06,"",
"0001112223","CK",2/2/2022,($65.33),"DEBITCARD: Event Tickets","","Entertainment",$11189.73,"",
"0001112223","CK",2/3/2022,($245.00),"ACH:HEALTH INSURANCE","","Insurance",$10944.73,"",
"0001112223","CK",2/3/2022,($134.43),"DEBITCARD: Event Tickets","","Entertainment",$10810.30,"",
"0001112223","CK",2/3/2022,($59.00),"DEBITCARD: Gas Station","","Gas / Fuel",$10751.30,"",
"0001112223","CK",2/3/2022,($9.70),"DEBITCARD: Pharmacy","","Health",$10741.60,"",
"0001112223","CK",2/4/2022,($425.00),"ACH:AUTO LOAN PAYMENT","","Auto & Transport",$10316.60,"budgeteer:goal=Auto Loan Down-payment",
"0001112223","CK",2/4/2022,($28.49),"DEBITCARD: Restaurant","","Food & Drink",$10288.11,"",
"0001112223","CK",2/5/2022,($79.99),"ACH:ISP INTERNET BILL","","Internet",$10208.12,"",
"0001112223","CK",2/5/2022,($11.59),"DEBITCARD: Books","","Shopping",$10196.53,"",
"0001112223","CK",2/5/2022,($12.88),"DEBITCARD: Pet Supplies","","Pets",$10183.65,"",
"0001112223","CK",2/6/2022,$429.84,"ACH:MOONLIGHT GIG","","Misc. Income",$10613.49,"Side work",
"0001112223","CK",2/6/2022,($29.88),"DEBITCARD: Restaurant","","Food & Drink",$10583.61,"",
"0001112223","CK",2/7/2022,($42.69),"DEBITCARD: Event Tickets","","Entertainment",$10540.92,"",
"0001112223","CK",2/8/2022,($39.99),"ACH:GYM MEMBERSHIP","","Health",$10500.93,"",
"0001112223","CK",2/8/2022,($59.15),"DEBITCARD: Hardware Store","","Home",$10441.78,"",
"0001112223","CK",2/9/2022,($19.99),"ACH:STREAMING SUBSCRIPTION","","Entertainment",$10421.79,"",
"0001112223","CK",2/9/2022,($68.00),"ACH:MOBILE PHONE","","Utilities",$10353.79,"",
"0001112223","CK",2/9/2022,($78.17),"DEBITCARD: Hardware Store","","Home",$10275.62,"",
"0001112223","CK",2/11/2022,($191.04),"ACH:ELECTRIC BILL","","Utilities",$10084.58,"",
"0001112223","CK",2/12/2022,($7.82),"DEBITCARD: Streaming Add-on","","Entertainment",$10076.76,"",
"0001112223","CK",2/13/2022,($210.00),"ACH:STUDENT LOAN SERVICER","","Loans",$9866.76,"",
"0001112223","CK",2/13/2022,($4.18),"DEBITCARD: Coffee Shop","","Food & Drink",$9862.58,"",
"0001112223","CK",2/14/2022,($50.76),"DEBITCARD: Gas Station","","Gas / Fuel",$9811.82,"",
"0001112223","CK",2/14/2022,($9.39),"DEBITCARD: Coffee Shop","","Food & Drink",$9802.43,"",
"0001112223","CK",2/15/2022,$3800.00,"ACH:VISTA TECH PAYROLL","","Misc. Income",$13602.43,"",
"0001112223","CK",2/16/2022,($31.97),"DEBITCARD: Hardware Store","","Home",$13570.46,"",
"0001112223","CK",2/17/2022,($750.00),"Web Branch:TFR TO SV 0001112223","","Transfer",$12820.46,"budgeteer:apply=savings",
"0001112223","CK",2/17/2022,($186.65),"DEBITCARD: Grocery Store","","Groceries",$12633.81,"",
"0001112223","CK",2/17/2022,($36.49),"DEBITCARD: Pharmacy","","Health",$12597.32,"",
"0001112223","CK",2/17/2022,($17.80),"DEBITCARD: Restaurant","","Food & Drink",$12579.52,"",
"0001112223","CK",2/18/2022,($9.64),"DEBITCARD: Streaming Add-on","","Entertainment",$12569.88,"",
"0001112223","CK",2/19/2022,($41.07),"DEBITCARD: Pharmacy","","Health",$12528.81,"",
"0001112223","CK",2/20/2022,($10.99),"DEBITCARD: Streaming Add-on","","Entertainment",$12517.82,"",
"0001112223","CK",2/20/2022,($115.74),"DEBITCARD: Clothing Store","","Shopping",$12402.08,"",
"0001112223","CK",2/21/2022,($81.33),"DEBITCARD: Event Tickets","","Entertainment",$12320.75,"",
"0001112223","CK",2/22/2022,($43.62),"ACH:WATER BILL","","Utilities",$12277.13,"",
"0001112223","CK",2/23/2022,($58.53),"DEBITCARD: Pharmacy","","Health",$12218.60,"",
"0001112223","CK",2/24/2022,($30.55),"DEBITCARD: Gas Station","","Gas / Fuel",$12188.05,"",
"0001112223","CK",2/26/2022,($29.77),"DEBITCARD: Pharmacy","","Health",$12158.28,"",
"0001112223","CK",2/26/2022,($8.70),"DEBITCARD: Pharmacy","","Health",$12149.58,"",
"0001112223","CK",2/27/2022,($1763.15),"ACH:CREDIT CARD PAYMENT","","Credit Card",$10386.43,"",
"0001112223","CK",2/27/2022,($5.54),"DEBITCARD: Streaming Add-on","","Entertainment",$10380.89,"",
"0001112223","CK",2/27/2022,($8.48),"DEBITCARD: Coffee Shop","","Food & Drink",$10372.41,"",
"0001112223","CK",2/28/2022,($74.73),"DEBITCARD: Hardware Store","","Home",$10297.68,"",
"0001112223","CK",3/1/2022,$3800.00,"ACH:VISTA TECH PAYROLL","","Misc. Income",$14097.68,"",
"0001112223","CK",3/1/2022,($2189.00),"ACH:Redwood Grove RENT","","Mortgage / Rent",$11908.68,"",
"0001112223","CK",3/1/2022,($245.00),"ACH:HEALTH INSURANCE","","Insurance",$11663.68,"",
"0001112223","CK",3/1/2022,($31.41),"DEBITCARD: Restaurant","","Food & Drink",$11632.27,"",
"0001112223","CK",3/3/2022,($143.82),"DEBITCARD: Grocery Store","","Groceries",$11488.45,"",
"0001112223","CK",3/3/2022,($42.72),"DEBITCARD: Gas Station","","Gas / Fuel",$11445.73,"",
"0001112223","CK",3/3/2022,($70.93),"DEBITCARD: Gas Station","","Gas / Fuel",$11374.80,"",
"0001112223","CK",3/4/2022,($12.06),"DEBITCARD: Ride Share","","Auto & Transport",$11362.74,"",
"0001112223","CK",3/5/2022,($79.99),"ACH:ISP INTERNET BILL","","Internet",$11282.75,"",
"0001112223","CK",3/5/2022,($213.88),"DEBITCARD: Event Tickets","","Entertainment",$11068.87,"",
"0001112223","CK",3/6/2022,($425.00),"ACH:AUTO LOAN PAYMENT","","Auto & Transport",$10643.87,"budgeteer:goal=Auto Loan Down-payment",
"0001112223","CK",3/7/2022,$594.09,"ACH:MOONLIGHT GIG","","Misc. Income",$11237.96,"Side work",
"0001112223","CK",3/8/2022,($30.88),"DEBITCARD: Restaurant","","Food & Drink",$11207.08,"",
"0001112223","CK",3/8/2022,($73.69),"DEBITCARD: Gas Station","","Gas / Fuel",$11133.39,"",
"0001112223","CK",3/8/2022,($27.02),"DEBITCARD: Books","","Shopping",$11106.37,"",
"0001112223","CK",3/8/2022,($12.45),"DEBITCARD: Ride Share","","Auto & Transport",$11093.92,"",
"0001112223","CK",3/9/2022,($39.99),"ACH:GYM MEMBERSHIP","","Health",$11053.93,"",
"0001112223","CK",3/9/2022,($19.99),"ACH:STREAMING SUBSCRIPTION","","Entertainment",$11033.94,"",
"0001112223","CK",3/9/2022,($38.98),"DEBITCARD: Pet Supplies","","Pets",$10994.96,"",
"0001112223","CK",3/9/2022,($27.94),"DEBITCARD: Books","","Shopping",$10967.02,"",
"0001112223","CK",3/10/2022,($16.26),"DEBITCARD: Books","","Shopping",$10950.76,"",
"0001112223","CK",3/10/2022,($61.59),"DEBITCARD: Pharmacy","","Health",$10889.17,"",
"0001112223","CK",3/11/2022,($68.00),"ACH:MOBILE PHONE","","Utilities",$10821.17,"",
"0001112223","CK",3/11/2022,($25.49),"DEBITCARD: Ride Share","","Auto & Transport",$10795.68,"",
"0001112223","CK",3/12/2022,($32.49),"DEBITCARD: Hardware Store","","Home",$10763.19,"",
"0001112223","CK",3/13/2022,($210.00),"ACH:STUDENT LOAN SERVICER","","Loans",$10553.19,"",
"0001112223","CK",3/14/2022,($42.39),"DEBITCARD: Pharmacy","","Health",$10510.80,"",
"0001112223","CK",3/15/2022,$3800.00,"ACH:VISTA TECH PAYROLL","","Misc. Income",$14310.80,"",
"0001112223","CK",3/15/2022,($131.54),"ACH:ELECTRIC BILL","","Utilities",$14179.26,"",
"0001112223","CK",3/15/2022,($30.45),"DEBITCARD: Pharmacy","","Health",$14148.81,"",
"0001112223","CK",3/16/2022,($136.00),"DEBITCARD: Clothing Store","","Shopping",$14012.81,"",
"0001112223","CK",3/16/2022,($70.78),"DEBITCARD: Hardware Store","","Home",$13942.03,"",
"0001112223","CK",3/16/2022,($76.15),"DEBITCARD: Hardware Store","","Home",$13865.88,"",
"0001112223","CK",3/17/2022,($750.00),"Web Branch:TFR TO SV 0001112223","","Transfer",$13115.88,"budgeteer:apply=savings",
"0001112223","CK",3/17/2022,($20.87),"DEBITCARD: Pet Supplies","","Pets",$13095.01,"",
"0001112223","CK",3/18/2022,($68.61),"DEBITCARD: Grocery Store","","Groceries",$13026.40,"",
"0001112223","CK",3/18/2022,($9.82),"DEBITCARD: Streaming Add-on","","Entertainment",$13016.58,"",
"0001112223","CK",3/19/2022,($28.51),"DEBITCARD: Pharmacy","","Health",$12988.07,"",
"0001112223","CK",3/19/2022,($14.13),"DEBITCARD: Pet Supplies","","Pets",$12973.94,"",
"0001112223","CK",3/21/2022,($39.77),"ACH:WATER BILL","","Utilities",$12934.17,"",
"0001112223","CK",3/21/2022,($59.23),"DEBITCARD: Pharmacy","","Health",$12874.94,"",
"0001112223","CK",3/24/2022,($1413.08),"ACH:CREDIT CARD PAYMENT","","Credit Card",$11461.86,"",
"0001112223","CK",3/24/2022,($8.09),"DEBITCARD: Streaming Add-on","","Entertainment",$11453.77,"",
"0001112223","CK",3/27/2022,($36.11),"DEBITCARD: Pet Supplies","","Pets",$11417.66,"",
"0001112223","CK",3/27/2022,($7.19),"DEBITCARD: Streaming Add-on","","Entertainment",$11410.47,"",
"0001112223","CK",3/28/2022,$12.23,"DIVIDEND PAYMENT","","Misc. Income",$11422.70,"",
"0001112223","CK",3/29/2022,($22.20),"DEBITCARD: Hardware Store","","Home",$11400.50,"",
"0001112223","CK",3/30/2022,($24.03),"DEBITCARD: Books","","Shopping",$11376.47,"",
"0001112223","CK",3/31/2022,($32.48),"DEBITCARD: Hardware Store","","Home",$11343.99,"",
"0001112223","CK",3/31/2022,($30.46),"DEBITCARD: Books","","Shopping",$11313.53,"",
"0001112223","CK",4/1/2022,$3800.00,"ACH:VISTA TECH PAYROLL","","Misc. Income",$15113.53,"",
"0001112223","CK",4/1/2022,($2189.00),"ACH:Redwood Grove RENT","","Mortgage / Rent",$12924.53,"",
"0001112223","CK",4/2/2022,($245.00),"ACH:HEALTH INSURANCE","","Insurance",$12679.53,"",
"0001112223","CK",4/5/2022,($425.00),"ACH:AUTO LOAN PAYMENT","","Auto & Transport",$12254.53,"budgeteer:goal=Auto Loan Down-payment",
"0001112223","CK",4/5/2022,($79.99),"ACH:ISP INTERNET BILL","","Internet",$12174.54,"",
"0001112223","CK",4/6/2022,($8.25),"DEBITCARD: Coffee Shop","","Food & Drink",$12166.29,"",
"0001112223","CK",4/6/2022,($92.48),"DEBITCARD: Clothing Store","","Shopping",$12073.81,"",
"0001112223","CK",4/7/2022,($75.25),"DEBITCARD: Grocery Store","","Groceries",$11998.56,"",
"0001112223","CK",4/7/2022,($30.86),"DEBITCARD: Gas Station","","Gas / Fuel",$11967.70,"",
"0001112223","CK",4/8/2022,($19.99),"ACH:STREAMING SUBSCRIPTION","","Entertainment",$11947.71,"",
"0001112223","CK",4/8/2022,$758.35,"ACH:MOONLIGHT GIG","","Misc. Income",$12706.06,"Side work",
"0001112223","CK",4/8/2022,($10.07),"DEBITCARD: Ride Share","","Auto & Transport",$12695.99,"",
"0001112223","CK",4/9/2022,($39.99),"ACH:GYM MEMBERSHIP","","Health",$12656.00,"",
"0001112223","CK",4/9/2022,($68.00),"ACH:MOBILE PHONE","","Utilities",$12588.00,"",
"0001112223","CK",4/9/2022,($8.28),"DEBITCARD: Coffee Shop","","Food & Drink",$12579.72,"",
"0001112223","CK",4/9/2022,($177.05),"DEBITCARD: Grocery Store","","Groceries",$12402.67,"",
"0001112223","CK",4/10/2022,($13.84),"DEBITCARD: Pet Supplies","","Pets",$12388.83,"",
"0001112223","CK",4/10/2022,($9.17),"DEBITCARD: Streaming Add-on","","Entertainment",$12379.66,"",
"0001112223","CK",4/10/2022,($28.25),"DEBITCARD: Books","","Shopping",$12351.41,"",
"0001112223","CK",4/11/2022,($113.89),"DEBITCARD: Clothing Store","","Shopping",$12237.52,"",
"0001112223","CK",4/12/2022,($210.00),"ACH:STUDENT LOAN SERVICER","","Loans",$12027.52,"",
"0001112223","CK",4/12/2022,($78.48),"DEBITCARD: Event Tickets","","Entertainment",$11949.04,"",
"0001112223","CK",4/12/2022,($163.33),"DEBITCARD: Grocery Store","","Groceries",$11785.71,"",
"0001112223","CK",4/12/2022,($40.38),"DEBITCARD: Gas Station","","Gas / Fuel",$11745.33,"",
"0001112223","CK",4/14/2022,($147.04),"ACH:ELECTRIC BILL","","Utilities",$11598.29,"",
"0001112223","CK",4/14/2022,($27.22),"DEBITCARD: Restaurant","","Food & Drink",$11571.07,"",
"0001112223","CK",4/15/2022,$3800.00,"ACH:VISTA TECH PAYROLL","","Misc. Income",$15371.07,"",
"0001112223","CK",4/16/2022,($750.00),"Web Branch:TFR TO SV 0001112223","","Transfer",$14621.07,"budgeteer:apply=savings",
"0001112223","CK",4/16/2022,($42.85),"DEBITCARD: Hardware Store","","Home",$14578.22,"",
"0001112223","CK",4/16/2022,($17.86),"DEBITCARD: Ride Share","","Auto & Transport",$14560.36,"",
"0001112223","CK",4/17/2022,$3200.27,"US TREASURY TAX REFUND","","Misc. Income",$17760.63,"",
"0001112223","CK",4/17/2022,($4.00),"DEBITCARD: Coffee Shop","","Food & Drink",$17756.63,"",
"0001112223","CK",4/18/2022,($74.60),"DEBITCARD: Grocery Store","","Groceries",$17682.03,"",
"0001112223","CK",4/18/2022,($34.80),"DEBITCARD: Gas Station","","Gas / Fuel",$17647.23,"",
"0001112223","CK",4/18/2022,($51.56),"DEBITCARD: Pet Supplies","","Pets",$17595.67,"",
"0001112223","CK",4/19/2022,($5.51),"DEBITCARD: Streaming Add-on","","Entertainment",$17590.16,"",
"0001112223","CK",4/20/2022,($48.91),"ACH:WATER BILL","","Utilities",$17541.25,"",
"0001112223","CK",4/20/2022,($141.34),"DEBITCARD: Grocery Store","","Groceries",$17399.91,"",
"0001112223","CK",4/20/2022,($15.52),"DEBITCARD: Pet Supplies","","Pets",$17384.39,"",
"0001112223","CK",4/21/2022,($90.00),"DEBITCARD: Event Tickets","","Entertainment",$17294.39,"",
"0001112223","CK",4/21/2022,($43.68),"DEBITCARD: Pharmacy","","Health",$17250.71,"",
"0001112223","CK",4/24/2022,($65.95),"DEBITCARD: Gas Station","","Gas / Fuel",$17184.76,"",
"0001112223","CK",4/24/2022,($26.32),"DEBITCARD: Ride Share","","Auto & Transport",$17158.44,"",
"0001112223","CK",4/25/2022,($1063.00),"ACH:CREDIT CARD PAYMENT","","Credit Card",$16095.44,"",
"0001112223","CK",4/25/2022,($22.96),"DEBITCARD: Books","","Shopping",$16072.48,"",
"0001112223","CK",4/26/2022,($167.31),"DEBITCARD: Grocery Store","","Groceries",$15905.17,"",
"0001112223","CK",4/27/2022,($68.33),"DEBITCARD: Gas Station","","Gas / Fuel",$15836.84,"",
"0001112223","CK",4/28/2022,$10.18,"DIVIDEND PAYMENT","","Misc. Income",$15847.02,"",
"0001112223","CK",4/29/2022,($5.03),"DEBITCARD: Coffee Shop","","Food & Drink",$15841.99,"",
"0001112223","CK",4/29/2022,($4.21),"DEBITCARD: Coffee Shop","","Food & Drink",$15837.78,"",
"0001112223","CK",5/1/2022,$3800.00,"ACH:VISTA TECH PAYROLL","","Misc. Income",$19637.78,"",
"0001112223","CK",5/1/2022,($2189.00),"ACH:Redwood Grove RENT","","Mortgage / Rent",$17448.78,"",
"0001112223","CK",5/1/2022,($245.00),"ACH:HEALTH INSURANCE","","Insurance",$17203.78,"",
"0001112223","CK",5/1/2022,($106.06),"DEBITCARD: Event Tickets","","Entertainment",$17097.72,"",
"0001112223","CK",5/2/2022,($12.24),"DEBITCARD: Pharmacy","","Health",$17085.48,"",
"0001112223","CK",5/2/2022,($15.57),"DEBITCARD: Pet Supplies","","Pets",$17069.91,"",
"0001112223","CK",5/4/2022,($425.00),"ACH:AUTO LOAN PAYMENT","","Auto & Transport",$16644.91,"budgeteer:goal=Auto Loan Down-payment",
"0001112223","CK",5/4/2022,($181.44),"DEBITCARD: Grocery Store","","Groceries",$16463.47,"",
"0001112223","CK",5/4/2022,($155.17),"DEBITCARD: Event Tickets","","Entertainment",$16308.30,"",
"0001112223","CK",5/4/2022,($33.39),"DEBITCARD: Pharmacy","","Health",$16274.91,"",
"0001112223","CK",5/5/2022,($79.99),"ACH:ISP INTERNET BILL","","Internet",$16194.92,"",
"0001112223","CK",5/6/2022,($32.90),"DEBITCARD: Books","","Shopping",$16162.02,"",
"0001112223","CK",5/7/2022,($39.99),"ACH:GYM MEMBERSHIP","","Health",$16122.03,"",
"0001112223","CK",5/8/2022,($131.25),"DEBITCARD: Grocery Store","","Groceries",$15990.78,"",
"0001112223","CK",5/9/2022,$922.60,"ACH:MOONLIGHT GIG","","Misc. Income",$16913.38,"Side work",
"0001112223","CK",5/9/2022,($27.60),"DEBITCARD: Restaurant","","Food & Drink",$16885.78,"",
"0001112223","CK",5/9/2022,($54.50),"DEBITCARD: Pet Supplies","","Pets",$16831.28,"",
"0001112223","CK",5/9/2022,($59.27),"DEBITCARD: Grocery Store","","Groceries",$16772.01,"",
"0001112223","CK",5/10/2022,($19.99),"ACH:STREAMING SUBSCRIPTION","","Entertainment",$16752.02,"",
"0001112223","CK",5/10/2022,($68.00),"ACH:MOBILE PHONE","","Utilities",$16684.02,"",
"0001112223","CK",5/10/2022,($22.21),"DEBITCARD: Clothing Store","","Shopping",$16661.81,"",
"0001112223","CK",5/11/2022,($210.00),"ACH:STUDENT LOAN SERVICER","","Loans",$16451.81,"",
"0001112223","CK",5/13/2022,($122.54),"ACH:ELECTRIC BILL","","Utilities",$16329.27,"",
"0001112223","CK",5/13/2022,($59.72),"DEBITCARD: Hardware Store","","Home",$16269.55,"",
"0001112223","CK",5/14/2022,($6.27),"DEBITCARD: Streaming Add-on","","Entertainment",$16263.28,"",
"0001112223","CK",5/14/2022,($72.69),"DEBITCARD: Event Tickets","","Entertainment",$16190.59,"",
"0001112223","CK",5/15/2022,$3800.00,"ACH:VISTA TECH PAYROLL","","Misc. Income",$19990.59,"",
"0001112223","CK",5/15/2022,($11.47),"DEBITCARD: Streaming Add-on","","Entertainment",$19979.12,"",
"0001112223","CK",5/16/2022,($750.00),"Web Branch:TFR TO SV 0001112223","","Transfer",$19229.12,"budgeteer:apply=savings",
"0001112223","CK",5/16/2022,($11.95),"DEBITCARD: Books","","Shopping",$19217.17,"",
"0001112223","CK",5/17/2022,($20.54),"DEBITCARD: Books","","Shopping",$19196.63,"",
"0001112223","CK",5/18/2022,($9.76),"DEBITCARD: Coffee Shop","","Food & Drink",$19186.87,"",
"0001112223","CK",5/18/2022,($107.24),"DEBITCARD: Clothing Store","","Shopping",$19079.63,"",
"0001112223","CK",5/19/2022,($137.85),"DEBITCARD: Event Tickets","","Entertainment",$18941.78,"",
"0001112223","CK",5/20/2022,($45.06),"ACH:WATER BILL","","Utilities",$18896.72,"",
"0001112223","CK",5/20/2022,($70.11),"DEBITCARD: Hardware Store","","Home",$18826.61,"",
"0001112223","CK",5/21/2022,($35.93),"DEBITCARD: Hardware Store","","Home",$18790.68,"",
"0001112223","CK",5/21/2022,($5.55),"DEBITCARD: Coffee Shop","","Food & Drink",$18785.13,"",
"0001112223","CK",5/24/2022,($169.54),"DEBITCARD: Event Tickets","","Entertainment",$18615.59,"",
"0001112223","CK",5/25/2022,($5.58),"DEBITCARD: Streaming Add-on","","Entertainment",$18610.01,"",
"0001112223","CK",5/25/2022,($8.27),"DEBITCARD: Streaming Add-on","","Entertainment",$18601.74,"",
"0001112223","CK",5/25/2022,($110.02),"DEBITCARD: Clothing Store","","Shopping",$18491.72,"",
"0001112223","CK",5/25/2022,($26.57),"DEBITCARD: Ride Share","","Auto & Transport",$18465.15,"",
"0001112223","CK",5/26/2022,$157.56,"ACH:MOONLIGHT GIG","","Misc. Income",$18622.71,"Side work",
"0001112223","CK",5/26/2022,($20.44),"DEBITCARD: Books","","Shopping",$18602.27,"",
"0001112223","CK",5/26/2022,($27.08),"DEBITCARD: Clothing Store","","Shopping",$18575.19,"",
"0001112223","CK",5/27/2022,($712.93),"ACH:CREDIT CARD PAYMENT","","Credit Card",$17862.26,"",
"0001112223","CK",5/29/2022,($64.62),"DEBITCARD: Pharmacy","","Health",$17797.64,"",
"0001112223","CK",5/29/2022,($38.95),"DEBITCARD: Pet Supplies","","Pets",$17758.69,"",
"0001112223","CK",5/30/2022,($23.05),"DEBITCARD: Books","","Shopping",$17735.64,"",
"0001112223","CK",6/1/2022,$3800.00,"ACH:VISTA TECH PAYROLL","","Misc. Income",$21535.64,"",
"0001112223","CK",6/1/2022,($2189.00),"ACH:Redwood Grove RENT","","Mortgage / Rent",$19346.64,"",
"0001112223","CK",6/2/2022,($245.00),"ACH:HEALTH INSURANCE","","Insurance",$19101.64,"",
"0001112223","CK",6/3/2022,($41.16),"DEBITCARD: Pet Supplies","","Pets",$19060.48,"",
"0001112223","CK",6/3/2022,($11.96),"DEBITCARD: Ride Share","","Auto & Transport",$19048.52,"",
"0001112223","CK",6/4/2022,($174.84),"DEBITCARD: Grocery Store","","Groceries",$18873.68,"",
"0001112223","CK",6/5/2022,($39.35),"DEBITCARD: Gas Station","","Gas / Fuel",$18834.33,"",
"0001112223","CK",6/6/2022,($425.00),"ACH:AUTO LOAN PAYMENT","","Auto & Transport",$18409.33,"budgeteer:goal=Auto Loan Down-payment",
"0001112223","CK",6/6/2022,($79.99),"ACH:ISP INTERNET BILL","","Internet",$18329.34,"",
"0001112223","CK",6/6/2022,($60.42),"DEBITCARD: Hardware Store","","Home",$18268.92,"",
"0001112223","CK",6/7/2022,($39.99),"ACH:GYM MEMBERSHIP","","Health",$18228.93,"",
"0001112223","CK",6/8/2022,($12.38),"DEBITCARD: Books","","Shopping",$18216.55,"",
"0001112223","CK",6/8/2022,($71.40),"DEBITCARD: Gas Station","","Gas / Fuel",$18145.15,"",
"0001112223","CK",6/9/2022,($19.99),"ACH:STREAMING SUBSCRIPTION","","Entertainment",$18125.16,"",
"0001112223","CK",6/9/2022,($68.00),"ACH:MOBILE PHONE","","Utilities",$18057.16,"",
"0001112223","CK",6/9/2022,($21.86),"DEBITCARD: Ride Share","","Auto & Transport",$18035.30,"",
"0001112223","CK",6/9/2022,($41.26),"DEBITCARD: Pharmacy","","Health",$17994.04,"",
"0001112223","CK",6/11/2022,($42.37),"DEBITCARD: Pet Supplies","","Pets",$17951.67,"",
"0001112223","CK",6/12/2022,($193.04),"ACH:ELECTRIC BILL","","Utilities",$17758.63,"",
"0001112223","CK",6/12/2022,($25.27),"DEBITCARD: Books","","Shopping",$17733.36,"",
"0001112223","CK",6/13/2022,($210.00),"ACH:STUDENT LOAN SERVICER","","Loans",$17523.36,"",
"0001112223","CK",6/13/2022,($207.00),"DEBITCARD: Grocery Store","","Groceries",$17316.36,"",
"0001112223","CK",6/14/2022,($85.70),"DEBITCARD: Grocery Store","","Groceries",$17230.66,"",
"0001112223","CK",6/15/2022,$3800.00,"ACH:VISTA TECH PAYROLL","","Misc. Income",$21030.66,"",
"0001112223","CK",6/15/2022,($750.00),"Web Branch:TFR TO SV 0001112223","","Transfer",$20280.66,"budgeteer:apply=savings",
"0001112223","CK",6/15/2022,($29.89),"DEBITCARD: Pet Supplies","","Pets",$20250.77,"",
"0001112223","CK",6/15/2022,($166.52),"DEBITCARD: Grocery Store","","Groceries",$20084.25,"",
"0001112223","CK",6/15/2022,($74.78),"DEBITCARD: Gas Station","","Gas / Fuel",$20009.47,"",
"0001112223","CK",6/15/2022,($8.42),"DEBITCARD: Coffee Shop","","Food & Drink",$20001.05,"",
"0001112223","CK",6/17/2022,($186.84),"DEBITCARD: Grocery Store","","Groceries",$19814.21,"",
"0001112223","CK",6/17/2022,($25.25),"DEBITCARD: Books","","Shopping",$19788.96,"",
"0001112223","CK",6/18/2022,($29.30),"DEBITCARD: Books","","Shopping",$19759.66,"",
"0001112223","CK",6/18/2022,($9.15),"DEBITCARD: Ride Share","","Auto & Transport",$19750.51,"",
"0001112223","CK",6/20/2022,($109.66),"DEBITCARD: Clothing Store","","Shopping",$19640.85,"",
"0001112223","CK",6/21/2022,($16.08),"DEBITCARD: Restaurant","","Food & Drink",$19624.77,"",
"0001112223","CK",6/22/2022,($144.75),"DEBITCARD: Event Tickets","","Entertainment",$19480.02,"",
"0001112223","CK",6/23/2022,($1562.86),"ACH:CREDIT CARD PAYMENT","","Credit Card",$17917.16,"",
"0001112223","CK",6/23/2022,($56.37),"DEBITCARD: Pharmacy","","Health",$17860.79,"",
"0001112223","CK",6/23/2022,($37.16),"DEBITCARD: Pharmacy","","Health",$17823.63,"",
"0001112223","CK",6/23/2022,($26.80),"DEBITCARD: Pet Supplies","","Pets",$17796.83,"",
"0001112223","CK",6/23/2022,($9.08),"DEBITCARD: Coffee Shop","","Food & Drink",$17787.75,"",
"0001112223","CK",6/24/2022,($41.21),"ACH:WATER BILL","","Utilities",$17746.54,"",
"0001112223","CK",6/24/2022,($178.68),"DEBITCARD: Grocery Store","","Groceries",$17567.86,"",
"0001112223","CK",6/25/2022,($26.59),"DEBITCARD: Hardware Store","","Home",$17541.27,"",
"0001112223","CK",6/25/2022,($136.30),"DEBITCARD: Grocery Store","","Groceries",$17404.97,"",
"0001112223","CK",6/27/2022,($9.13),"DEBITCARD: Ride Share","","Auto & Transport",$17395.84,"",
"0001112223","CK",6/27/2022,($76.05),"DEBITCARD: Hardware Store","","Home",$17319.79,"",
"0001112223","CK",6/28/2022,($38.32),"DEBITCARD: Pet Supplies","","Pets",$17281.47,"",
"0001112223","CK",6/28/2022,($50.42),"DEBITCARD: Restaurant","","Food & Drink",$17231.05,"",
"0001112223","CK",6/29/2022,($45.64),"DEBITCARD: Restaurant","","Food & Drink",$17185.41,"",
"0001112223","CK",7/1/2022,$3800.00,"ACH:VISTA TECH PAYROLL","","Misc. Income",$20985.41,"",
"0001112223","CK",7/1/2022,($2189.00),"ACH:Redwood Grove RENT","","Mortgage / Rent",$18796.41,"",
"0001112223","CK",7/1/2022,($27.10),"DEBITCARD: Clothing Store","","Shopping",$18769.31,"",
"0001112223","CK",7/2/2022,($9.02),"DEBITCARD: Coffee Shop","","Food & Drink",$18760.29,"",
"0001112223","CK",7/2/2022,($42.96),"DEBITCARD: Restaurant","","Food & Drink",$18717.33,"",
"0001112223","CK",7/2/2022,($19.03),"DEBITCARD: Ride Share","","Auto & Transport",$18698.30,"",
"0001112223","CK",7/3/2022,($245.00),"ACH:HEALTH INSURANCE","","Insurance",$18453.30,"",
"0001112223","CK",7/3/2022,($4.75),"DEBITCARD: Coffee Shop","","Food & Drink",$18448.55,"",
"0001112223","CK",7/4/2022,($53.47),"DEBITCARD: Restaurant","","Food & Drink",$18395.08,"",
"0001112223","CK",7/5/2022,($425.00),"ACH:AUTO LOAN PAYMENT","","Auto & Transport",$17970.08,"budgeteer:goal=Auto Loan Down-payment",
"0001112223","CK",7/5/2022,($24.37),"DEBITCARD: Restaurant","","Food & Drink",$17945.71,"",
"0001112223","CK",7/5/2022,($26.78),"DEBITCARD: Books","","Shopping",$17918.93,"",
"0001112223","CK",7/6/2022,($79.99),"ACH:ISP INTERNET BILL","","Internet",$17838.94,"",
"0001112223","CK",7/6/2022,($35.08),"DEBITCARD: Pet Supplies","","Pets",$17803.86,"",
"0001112223","CK",7/8/2022,($39.99),"ACH:GYM MEMBERSHIP","","Health",$17763.87,"",
"0001112223","CK",7/8/2022,($19.99),"ACH:STREAMING SUBSCRIPTION","","Entertainment",$17743.88,"",
"0001112223","CK",7/8/2022,($62.02),"DEBITCARD: Restaurant","","Food & Drink",$17681.86,"",
"0001112223","CK",7/8/2022,($11.15),"DEBITCARD: Books","","Shopping",$17670.71,"",
"0001112223","CK",7/8/2022,($118.32),"DEBITCARD: Event Tickets","","Entertainment",$17552.39,"",
"0001112223","CK",7/9/2022,($38.16),"DEBITCARD: Pharmacy","","Health",$17514.23,"",
"0001112223","CK",7/10/2022,($68.00),"ACH:MOBILE PHONE","","Utilities",$17446.23,"",
"0001112223","CK",7/10/2022,($30.81),"DEBITCARD: Books","","Shopping",$17415.42,"",
"0001112223","CK",7/11/2022,($208.55),"ACH:ELECTRIC BILL","","Utilities",$17206.87,"",
"0001112223","CK",7/11/2022,($31.99),"DEBITCARD: Books","","Shopping",$17174.88,"",
"0001112223","CK",7/11/2022,($91.32),"DEBITCARD: Event Tickets","","Entertainment",$17083.56,"",
"0001112223","CK",7/12/2022,($210.00),"ACH:STUDENT LOAN SERVICER","","Loans",$16873.56,"",
"0001112223","CK",7/15/2022,$3800.00,"ACH:VISTA TECH PAYROLL","","Misc. Income",$20673.56,"",
"0001112223","CK",7/15/2022,($49.67),"DEBITCARD: Restaurant","","Food & Drink",$20623.89,"",
"0001112223","CK",7/15/2022,($50.59),"DEBITCARD: Pharmacy","","Health",$20573.30,"",
"0001112223","CK",7/17/2022,($750.00),"Web Branch:TFR TO SV 0001112223","","Transfer",$19823.30,"budgeteer:apply=savings",
"0001112223","CK",7/17/2022,($10.95),"DEBITCARD: Streaming Add-on","","Entertainment",$19812.35,"",
"0001112223","CK",7/17/2022,($17.11),"DEBITCARD: Restaurant","","Food & Drink",$19795.24,"",
"0001112223","CK",7/19/2022,($167.74),"DEBITCARD: Grocery Store","","Groceries",$19627.50,"budgeteer:category=Food",
"0001112223","CK",7/20/2022,($10.85),"DEBITCARD: Books","","Shopping",$19616.65,"",
"0001112223","CK",7/21/2022,($71.30),"DEBITCARD: Grocery Store","","Groceries",$19545.35,"",
"0001112223","CK",7/22/2022,($25.61),"DEBITCARD: Restaurant","","Food & Drink",$19519.74,"",
"0001112223","CK",7/22/2022,($19.69),"DEBITCARD: Pharmacy","","Health",$19500.05,"",
"0001112223","CK",7/22/2022,($58.15),"DEBITCARD: Restaurant","","Food & Drink",$19441.90,"",
"0001112223","CK",7/22/2022,($36.66),"DEBITCARD: Pharmacy","","Health",$19405.24,"",
"0001112223","CK",7/23/2022,($50.36),"ACH:WATER BILL","","Utilities",$19354.88,"",
"0001112223","CK",7/23/2022,($22.79),"DEBITCARD: Pharmacy","","Health",$19332.09,"",
"0001112223","CK",7/23/2022,($113.04),"DEBITCARD: Clothing Store","","Shopping",$19219.05,"",
"0001112223","CK",7/23/2022,($11.05),"DEBITCARD: Books","","Shopping",$19208.00,"",
"0001112223","CK",7/24/2022,($19.25),"DEBITCARD: Pharmacy","","Health",$19188.75,"",
"0001112223","CK",7/25/2022,($1212.78),"ACH:CREDIT CARD PAYMENT","","Credit Card",$17975.97,"",
"0001112223","CK",7/26/2022,($9.41),"DEBITCARD: Ride Share","","Auto & Transport",$17966.56,"",
"0001112223","CK",7/26/2022,($72.58),"DEBITCARD: Hardware Store","","Home",$17893.98,"",
"0001112223","CK",7/27/2022,($6.16),"DEBITCARD: Streaming Add-on","","Entertainment",$17887.82,"",
"0001112223","CK",7/28/2022,($137.11),"DEBITCARD: Event Tickets","","Entertainment",$17750.71,"",
"0001112223","CK",7/28/2022,($20.02),"DEBITCARD: Ride Share","","Auto & Transport",$17730.69,"",
"0001112223","CK",8/1/2022,$3800.00,"ACH:VISTA TECH PAYROLL","","Misc. Income",$21530.69,"",
"0001112223","CK",8/1/2022,($2189.00),"ACH:Redwood Grove RENT","","Mortgage / Rent",$19341.69,"",
"0001112223","CK",8/1/2022,($69.07),"DEBITCARD: Gas Station","","Gas / Fuel",$19272.62,"",
"0001112223","CK",8/2/2022,($245.00),"ACH:HEALTH INSURANCE","","Insurance",$19027.62,"",
"0001112223","CK",8/3/2022,($23.10),"DEBITCARD: Hardware Store","","Home",$19004.52,"",
"0001112223","CK",8/3/2022,($38.69),"DEBITCARD: Clothing Store","","Shopping",$18965.83,"",
"0001112223","CK",8/3/2022,($10.91),"DEBITCARD: Streaming Add-on","","Entertainment",$18954.92,"",
"0001112223","CK",8/4/2022,($425.00),"ACH:AUTO LOAN PAYMENT","","Auto & Transport",$18529.92,"budgeteer:goal=Auto Loan Down-payment",
"0001112223","CK",8/4/2022,($21.24),"DEBITCARD: Books","","Shopping",$18508.68,"",
"0001112223","CK",8/4/2022,($183.16),"DEBITCARD: Event Tickets","","Entertainment",$18325.52,"",
"0001112223","CK",8/6/2022,($79.99),"ACH:ISP INTERNET BILL","","Internet",$18245.53,"",
"0001112223","CK",8/7/2022,($17.32),"DEBITCARD: Pharmacy","","Health",$18228.21,"",
"0001112223","CK",8/8/2022,($39.99),"ACH:GYM MEMBERSHIP","","Health",$18188.22,"",
"0001112223","CK",8/8/2022,($8.63),"DEBITCARD: Ride Share","","Auto & Transport",$18179.59,"",
"0001112223","CK",8/9/2022,($35.36),"DEBITCARD: Pharmacy","","Health",$18144.23,"",
"0001112223","CK",8/9/2022,($51.91),"DEBITCARD: Pet Supplies","","Pets",$18092.32,"",
"0001112223","CK",8/10/2022,($19.99),"ACH:STREAMING SUBSCRIPTION","","Entertainment",$18072.33,"",
"0001112223","CK",8/10/2022,($45.75),"DEBITCARD: Restaurant","","Food & Drink",$18026.58,"",
"0001112223","CK",8/11/2022,($68.00),"ACH:MOBILE PHONE","","Utilities",$17958.58,"",
"0001112223","CK",8/11/2022,($210.00),"ACH:STUDENT LOAN SERVICER","","Loans",$17748.58,"",
"0001112223","CK",8/11/2022,($15.80),"DEBITCARD: Ride Share","","Auto & Transport",$17732.78,"",
"0001112223","CK",8/11/2022,($59.64),"DEBITCARD: Pharmacy","","Health",$17673.14,"",
"0001112223","CK",8/11/2022,($52.02),"DEBITCARD: Hardware Store","","Home",$17621.12,"",
"0001112223","CK",8/12/2022,($74.57),"DEBITCARD: Hardware Store","","Home",$17546.55,"",
"0001112223","CK",8/12/2022,($8.16),"DEBITCARD: Ride Share","","Auto & Transport",$17538.39,"",
"0001112223","CK",8/12/2022,($24.48),"DEBITCARD: Books","","Shopping",$17513.91,"",
"0001112223","CK",8/13/2022,($30.78),"DEBITCARD: Gas Station","","Gas / Fuel",$17483.13,"",
"0001112223","CK",8/14/2022,($8.36),"DEBITCARD: Coffee Shop","","Food & Drink",$17474.77,"",
"0001112223","CK",8/14/2022,($17.06),"DEBITCARD: Books","","Shopping",$17457.71,"",
"0001112223","CK",8/15/2022,$3800.00,"ACH:VISTA TECH PAYROLL","","Misc. Income",$21257.71,"",
"0001112223","CK",8/15/2022,($184.05),"ACH:ELECTRIC BILL","","Utilities",$21073.66,"",
"0001112223","CK",8/15/2022,($9.43),"DEBITCARD: Ride Share","","Auto & Transport",$21064.23,"",
"0001112223","CK",8/17/2022,($750.00),"Web Branch:TFR TO SV 0001112223","","Transfer",$20314.23,"budgeteer:apply=savings",
"0001112223","CK",8/17/2022,($9.06),"DEBITCARD: Streaming Add-on","","Entertainment",$20305.17,"",
"0001112223","CK",8/17/2022,($33.45),"DEBITCARD: Pet Supplies","","Pets",$20271.72,"",
"0001112223","CK",8/17/2022,($36.95),"DEBITCARD: Pet Supplies","","Pets",$20234.77,"",
"0001112223","CK",8/18/2022,($146.48),"DEBITCARD: Grocery Store","","Groceries",$20088.29,"",
"0001112223","CK",8/18/2022,($26.97),"DEBITCARD: Ride Share","","Auto & Transport",$20061.32,"",
"0001112223","CK",8/18/2022,($31.37),"DEBITCARD: Restaurant","","Food & Drink",$20029.95,"",
"0001112223","CK",8/19/2022,($44.65),"DEBITCARD: Clothing Store","","Shopping",$19985.30,"",
"0001112223","CK",8/19/2022,($188.69),"DEBITCARD: Grocery Store","","Groceries",$19796.61,"",
"0001112223","CK",8/21/2022,($59.69),"DEBITCARD: Gas Station","","Gas / Fuel",$19736.92,"",
"0001112223","CK",8/22/2022,($10.14),"DEBITCARD: Books","","Shopping",$19726.78,"",
"0001112223","CK",8/23/2022,($46.51),"ACH:WATER BILL","","Utilities",$19680.27,"",
"0001112223","CK",8/23/2022,($39.22),"DEBITCARD: Hardware Store","","Home",$19641.05,"",
"0001112223","CK",8/24/2022,$13.14,"DIVIDEND PAYMENT","","Misc. Income",$19654.19,"",
"0001112223","CK",8/24/2022,($22.63),"DEBITCARD: Pharmacy","","Health",$19631.56,"",
"0001112223","CK",8/24/2022,($23.76),"DEBITCARD: Books","","Shopping",$19607.80,"",
"0001112223","CK",8/26/2022,($9.46),"DEBITCARD: Pharmacy","","Health",$19598.34,"",
"0001112223","CK",8/27/2022,($862.71),"ACH:CREDIT CARD PAYMENT","","Credit Card",$18735.63,"",
"0001112223","CK",9/1/2022,$3800.00,"ACH:VISTA TECH PAYROLL","","Misc. Income",$22535.63,"",
"0001112223","CK",9/1/2022,($2189.00),"ACH:Redwood Grove RENT","","Mortgage / Rent",$20346.63,"",
"0001112223","CK",9/1/2022,($36.28),"DEBITCARD: Hardware Store","","Home",$20310.35,"",
"0001112223","CK",9/1/2022,($60.85),"DEBITCARD: Gas Station","","Gas / Fuel",$20249.50,"",
"0001112223","CK",9/3/2022,($245.00),"ACH:HEALTH INSURANCE","","Insurance",$20004.50,"",
"0001112223","CK",9/3/2022,($5.45),"DEBITCARD: Streaming Add-on","","Entertainment",$19999.05,"",
"0001112223","CK",9/3/2022,($61.54),"DEBITCARD: Hardware Store","","Home",$19937.51,"",
"0001112223","CK",9/4/2022,($72.04),"DEBITCARD: Event Tickets","","Entertainment",$19865.47,"",
"0001112223","CK",9/5/2022,($65.84),"DEBITCARD: Gas Station","","Gas / Fuel",$19799.63,"",
"0001112223","CK",9/6/2022,($425.00),"ACH:AUTO LOAN PAYMENT","","Auto & Transport",$19374.63,"budgeteer:goal=Auto Loan Down-payment",
"0001112223","CK",9/6/2022,($79.99),"ACH:ISP INTERNET BILL","","Internet",$19294.64,"",
"0001112223","CK",9/6/2022,($17.02),"DEBITCARD: Pharmacy","","Health",$19277.62,"",
"0001112223","CK",9/6/2022,($9.43),"DEBITCARD: Streaming Add-on","","Entertainment",$19268.19,"",
"0001112223","CK",9/7/2022,($166.04),"DEBITCARD: Grocery Store","","Groceries",$19102.15,"",
"0001112223","CK",9/8/2022,($39.99),"ACH:GYM MEMBERSHIP","","Health",$19062.16,"",
"0001112223","CK",9/8/2022,($120.08),"DEBITCARD: Grocery Store","","Groceries",$18942.08,"",
"0001112223","CK",9/8/2022,($16.69),"DEBITCARD: Ride Share","","Auto & Transport",$18925.39,"",
"0001112223","CK",9/8/2022,($4.65),"DEBITCARD: Coffee Shop","","Food & Drink",$18920.74,"",
"0001112223","CK",9/9/2022,($19.99),"ACH:STREAMING SUBSCRIPTION","","Entertainment",$18900.75,"",
"0001112223","CK",9/9/2022,($70.01),"DEBITCARD: Hardware Store","","Home",$18830.74,"",
"0001112223","CK",9/9/2022,($43.02),"DEBITCARD: Gas Station","","Gas / Fuel",$18787.72,"",
"0001112223","CK",9/10/2022,($68.00),"ACH:MOBILE PHONE","","Utilities",$18719.72,"",
"0001112223","CK",9/10/2022,($7.60),"DEBITCARD: Streaming Add-on","","Entertainment",$18712.12,"",
"0001112223","CK",9/11/2022,($210.00),"ACH:STUDENT LOAN SERVICER","","Loans",$18502.12,"",
"0001112223","CK",9/11/2022,($36.87),"DEBITCARD: Pharmacy","","Health",$18465.25,"",
"0001112223","CK",9/12/2022,($4.04),"DEBITCARD: Coffee Shop","","Food & Drink",$18461.21,"",
"0001112223","CK",9/12/2022,($29.67),"DEBITCARD: Pharmacy","","Health",$18431.54,"",
"0001112223","CK",9/12/2022,($74.73),"DEBITCARD: Grocery Store","","Groceries",$18356.81,"",
"0001112223","CK",9/13/2022,($30.62),"DEBITCARD: Books","","Shopping",$18326.19,"",
"0001112223","CK",9/13/2022,($24.78),"DEBITCARD: Books","","Shopping",$18301.41,"",
"0001112223","CK",9/14/2022,($199.55),"ACH:ELECTRIC BILL","","Utilities",$18101.86,"",
"0001112223","CK",9/14/2022,($9.85),"DEBITCARD: Streaming Add-on","","Entertainment",$18092.01,"",
"0001112223","CK",9/14/2022,($54.21),"DEBITCARD: Pet Supplies","","Pets",$18037.80,"",
"0001112223","CK",9/15/2022,$3800.00,"ACH:VISTA TECH PAYROLL","","Misc. Income",$21837.80,"",
"0001112223","CK",9/16/2022,($750.00),"Web Branch:TFR TO SV 0001112223","","Transfer",$21087.80,"budgeteer:apply=savings",
"0001112223","CK",9/16/2022,($16.75),"DEBITCARD: Restaurant","","Food & Drink",$21071.05,"",
"0001112223","CK",9/16/2022,($95.40),"DEBITCARD: Grocery Store","","Groceries",$20975.65,"",
"0001112223","CK",9/17/2022,($104.24),"DEBITCARD: Clothing Store","","Shopping",$20871.41,"",
"0001112223","CK",9/18/2022,($6.32),"DEBITCARD: Coffee Shop","","Food & Drink",$20865.09,"",
"0001112223","CK",9/18/2022,($54.01),"DEBITCARD: Gas Station","","Gas / Fuel",$20811.08,"",
"0001112223","CK",9/18/2022,($84.59),"DEBITCARD: Hardware Store","","Home",$20726.49,"",
"0001112223","CK",9/19/2022,($44.29),"DEBITCARD: Pet Supplies","","Pets",$20682.20,"",
"0001112223","CK",9/20/2022,($10.41),"DEBITCARD: Books","","Shopping",$20671.79,"",
"0001112223","CK",9/22/2022,($42.66),"ACH:WATER BILL","","Utilities",$20629.13,"",
"0001112223","CK",9/23/2022,($1712.64),"ACH:CREDIT CARD PAYMENT","","Credit Card",$18916.49,"",
"0001112223","CK",9/26/2022,$8.15,"DIVIDEND PAYMENT","","Misc. Income",$18924.64,"",
"0001112223","CK",9/27/2022,($23.47),"DEBITCARD: Clothing Store","","Shopping",$18901.17,"",
"0001112223","CK",9/28/2022,($194.82),"DEBITCARD: Grocery Store","","Groceries",$18706.35,"",
"0001112223","CK",9/29/2022,($37.31),"DEBITCARD: Gas Station","","Gas / Fuel",$18669.04,"",
"0001112223","CK",9/30/2022,($12.01),"DEBITCARD: Pet Supplies","","Pets",$18657.03,"",
"0001112223","CK",10/1/2022,$3800.00,"ACH:VISTA TECH PAYROLL","","Misc. Income",$22457.03,"",
"0001112223","CK",10/1/2022,($2189.00),"ACH:Redwood Grove RENT","","Mortgage / Rent",$20268.03,"",
"0001112223","CK",10/2/2022,($245.00),"ACH:HEALTH INSURANCE","","Insurance",$20023.03,"",
"0001112223","CK",10/2/2022,($52.09),"DEBITCARD: Hardware Store","","Home",$19970.94,"",
"0001112223","CK",10/2/2022,($10.78),"DEBITCARD: Streaming Add-on","","Entertainment",$19960.16,"",
"0001112223","CK",10/4/2022,($27.33),"DEBITCARD: Books","","Shopping",$19932.83,"",
"0001112223","CK",10/5/2022,($42.71),"DEBITCARD: Pharmacy","","Health",$19890.12,"",
"0001112223","CK",10/6/2022,($425.00),"ACH:AUTO LOAN PAYMENT","","Auto & Transport",$19465.12,"budgeteer:goal=Auto Loan Down-payment",
"0001112223","CK",10/6/2022,($79.99),"ACH:ISP INTERNET BILL","","Internet",$19385.13,"",
"0001112223","CK",10/6/2022,($16.24),"DEBITCARD: Ride Share","","Auto & Transport",$19368.89,"",
"0001112223","CK",10/6/2022,($13.45),"DEBITCARD: Ride Share","","Auto & Transport",$19355.44,"",
"0001112223","CK",10/6/2022,($50.53),"DEBITCARD: Pet Supplies","","Pets",$19304.91,"",
"0001112223","CK",10/8/2022,$923.88,"ACH:MOONLIGHT GIG","","Misc. Income",$20228.79,"Side work",
"0001112223","CK",10/8/2022,($43.04),"DEBITCARD: Pharmacy","","Health",$20185.75,"",
"0001112223","CK",10/8/2022,($9.59),"DEBITCARD: Streaming Add-on","","Entertainment",$20176.16,"",
"0001112223","CK",10/9/2022,($39.99),"ACH:GYM MEMBERSHIP","","Health",$20136.17,"",
"0001112223","CK",10/9/2022,($19.99),"ACH:STREAMING SUBSCRIPTION","","Entertainment",$20116.18,"",
"0001112223","CK",10/9/2022,($69.14),"DEBITCARD: Grocery Store","","Groceries",$20047.04,"",
"0001112223","CK",10/10/2022,($42.10),"DEBITCARD: Pet Supplies","","Pets",$20004.94,"",
"0001112223","CK",10/10/2022,($64.52),"DEBITCARD: Event Tickets","","Entertainment",$19940.42,"",
"0001112223","CK",10/11/2022,($68.00),"ACH:MOBILE PHONE","","Utilities",$19872.42,"",
"0001112223","CK",10/13/2022,($210.00),"ACH:STUDENT LOAN SERVICER","","Loans",$19662.42,"",
"0001112223","CK",10/13/2022,($120.05),"ACH:ELECTRIC BILL","","Utilities",$19542.37,"",
"0001112223","CK",10/13/2022,($27.68),"DEBITCARD: Hardware Store","","Home",$19514.69,"",
"0001112223","CK",10/13/2022,($49.89),"DEBITCARD: Pharmacy","","Health",$19464.80,"",
"0001112223","CK",10/13/2022,($27.48),"DEBITCARD: Pharmacy","","Health",$19437.32,"",
"0001112223","CK",10/14/2022,($36.58),"DEBITCARD: Gas Station","","Gas / Fuel",$19400.74,"",
"0001112223","CK",10/14/2022,($32.59),"DEBITCARD: Books","","Shopping",$19368.15,"",
"0001112223","CK",10/15/2022,$3800.00,"ACH:VISTA TECH PAYROLL","","Misc. Income",$23168.15,"",
"0001112223","CK",10/15/2022,($64.30),"DEBITCARD: Gas Station","","Gas / Fuel",$23103.85,"",
"0001112223","CK",10/16/2022,($750.00),"Web Branch:TFR TO SV 0001112223","","Transfer",$22353.85,"budgeteer:apply=savings",
"0001112223","CK",10/17/2022,($15.60),"DEBITCARD: Ride Share","","Auto & Transport",$22338.25,"",
"0001112223","CK",10/17/2022,($75.34),"DEBITCARD: Gas Station","","Gas / Fuel",$22262.91,"",
"0001112223","CK",10/18/2022,($57.44),"DEBITCARD: Pharmacy","","Health",$22205.47,"",
"0001112223","CK",10/21/2022,($38.81),"ACH:WATER BILL","","Utilities",$22166.66,"",
"0001112223","CK",10/21/2022,($7.61),"DEBITCARD: Coffee Shop","","Food & Drink",$22159.05,"",
"0001112223","CK",10/22/2022,($31.27),"DEBITCARD: Pharmacy","","Health",$22127.78,"",
"0001112223","CK",10/23/2022,($14.35),"DEBITCARD: Ride Share","","Auto & Transport",$22113.43,"",
"0001112223","CK",10/24/2022,($57.75),"DEBITCARD: Hardware Store","","Home",$22055.68,"",
"0001112223","CK",10/25/2022,($1362.57),"ACH:CREDIT CARD PAYMENT","","Credit Card",$20693.11,"",
"0001112223","CK",10/25/2022,$388.07,"ACH:MOONLIGHT GIG","","Misc. Income",$21081.18,"Side work",
"0001112223","CK",10/26/2022,($34.36),"DEBITCARD: Restaurant","","Food & Drink",$21046.82,"",
"0001112223","CK",10/26/2022,($79.73),"DEBITCARD: Clothing Store","","Shopping",$20967.09,"",
"0001112223","CK",10/27/2022,($4.37),"DEBITCARD: Coffee Shop","","Food & Drink",$20962.72,"",
"0001112223","CK",10/29/2022,($52.30),"DEBITCARD: Hardware Store","","Home",$20910.42,"",
"0001112223","CK",10/30/2022,($6.87),"DEBITCARD: Streaming Add-on","","Entertainment",$20903.55,"",
"0001112223","CK",10/30/2022,($30.76),"DEBITCARD: Books","","Shopping",$20872.79,"",
"0001112223","CK",10/31/2022,($22.47),"DEBITCARD: Ride Share","","Auto & Transport",$20850.32,"",
"0001112223","CK",10/31/2022,($24.81),"DEBITCARD: Books","","Shopping",$20825.51,"",
"0001112223","CK",10/31/2022,($43.96),"DEBITCARD: Gas Station","","Gas / Fuel",$20781.55,"",
"0001112223","CK",11/1/2022,$3800.00,"ACH:VISTA TECH PAYROLL","","Misc. Income",$24581.55,"",
"0001112223","CK",11/1/2022,($2189.00),"ACH:Redwood Grove RENT","","Mortgage / Rent",$22392.55,"",
"0001112223","CK",11/1/2022,($14.55),"DEBITCARD: Books","","Shopping",$22378.00,"",
"0001112223","CK",11/2/2022,($8.69),"DEBITCARD: Streaming Add-on","","Entertainment",$22369.31,"",
"0001112223","CK",11/3/2022,($245.00),"ACH:HEALTH INSURANCE","","Insurance",$22124.31,"",
"0001112223","CK",11/3/2022,($193.91),"DEBITCARD: Grocery Store","","Groceries",$21930.40,"",
"0001112223","CK",11/3/2022,($77.92),"DEBITCARD: Hardware Store","","Home",$21852.48,"",
"0001112223","CK",11/4/2022,($4.57),"DEBITCARD: Coffee Shop","","Food & Drink",$21847.91,"",
"0001112223","CK",11/4/2022,($31.06),"DEBITCARD: Pharmacy","","Health",$21816.85,"",
"0001112223","CK",11/5/2022,($425.00),"ACH:AUTO LOAN PAYMENT","","Auto & Transport",$21391.85,"budgeteer:goal=Auto Loan Down-payment",
"0001112223","CK",11/5/2022,($187.53),"DEBITCARD: Grocery Store","","Groceries",$21204.32,"",
"0001112223","CK",11/6/2022,($79.99),"ACH:ISP INTERNET BILL","","Internet",$21124.33,"",
"0001112223","CK",11/7/2022,($35.27),"DEBITCARD: Pharmacy","","Health",$21089.06,"",
"0001112223","CK",11/8/2022,($19.99),"ACH:STREAMING SUBSCRIPTION","","Entertainment",$21069.07,"",
"0001112223","CK",11/8/2022,($24.65),"DEBITCARD: Ride Share","","Auto & Transport",$21044.42,"",
"0001112223","CK",11/9/2022,($39.99),"ACH:GYM MEMBERSHIP","","Health",$21004.43,"",
"0001112223","CK",11/9/2022,($68.00),"ACH:MOBILE PHONE","","Utilities",$20936.43,"",
"0001112223","CK",11/9/2022,$268.14,"ACH:MOONLIGHT GIG","","Misc. Income",$21204.57,"Side work",
"0001112223","CK",11/9/2022,($39.05),"DEBITCARD: Pet Supplies","","Pets",$21165.52,"",
"0001112223","CK",11/9/2022,($58.24),"DEBITCARD: Grocery Store","","Groceries",$21107.28,"",
"0001112223","CK",11/9/2022,($24.59),"DEBITCARD: Hardware Store","","Home",$21082.69,"",
"0001112223","CK",11/10/2022,($22.62),"DEBITCARD: Ride Share","","Auto & Transport",$21060.07,"",
"0001112223","CK",11/10/2022,($9.03),"DEBITCARD: Streaming Add-on","","Entertainment",$21051.04,"",
"0001112223","CK",11/10/2022,($78.77),"DEBITCARD: Hardware Store","","Home",$20972.27,"",
"0001112223","CK",11/11/2022,($33.55),"DEBITCARD: Gas Station","","Gas / Fuel",$20938.72,"",
"0001112223","CK",11/12/2022,($210.00),"ACH:STUDENT LOAN SERVICER","","Loans",$20728.72,"",
"0001112223","CK",11/12/2022,($135.56),"ACH:ELECTRIC BILL","","Utilities",$20593.16,"",
"0001112223","CK",11/12/2022,($16.04),"DEBITCARD: Restaurant","","Food & Drink",$20577.12,"",
"0001112223","CK",11/12/2022,($39.43),"DEBITCARD: Clothing Store","","Shopping",$20537.69,"",
"0001112223","CK",11/12/2022,($109.86),"DEBITCARD: Clothing Store","","Shopping",$20427.83,"",
"0001112223","CK",11/13/2022,($97.27),"DEBITCARD: Clothing Store","","Shopping",$20330.56,"",
"0001112223","CK",11/13/2022,($22.12),"DEBITCARD: Pet Supplies","","Pets",$20308.44,"",
"0001112223","CK",11/14/2022,($153.44),"DEBITCARD: Grocery Store","","Groceries",$20155.00,"",
"0001112223","CK",11/15/2022,$3800.00,"ACH:VISTA TECH PAYROLL","","Misc. Income",$23955.00,"",
"0001112223","CK",11/15/2022,($750.00),"Web Branch:TFR TO SV 0001112223","","Transfer",$23205.00,"budgeteer:apply=savings",
"0001112223","CK",11/15/2022,($18.71),"DEBITCARD: Restaurant","","Food & Drink",$23186.29,"",
"0001112223","CK",11/16/2022,($70.99),"DEBITCARD: Gas Station","","Gas / Fuel",$23115.30,"",
"0001112223","CK",11/16/2022,($11.67),"DEBITCARD: Streaming Add-on","","Entertainment",$23103.63,"",
"0001112223","CK",11/20/2022,($47.96),"ACH:WATER BILL","","Utilities",$23055.67,"",
"0001112223","CK",11/20/2022,($43.60),"DEBITCARD: Restaurant","","Food & Drink",$23012.07,"",
"0001112223","CK",11/22/2022,($212.28),"DEBITCARD: Event Tickets","","Entertainment",$22799.79,"",
"0001112223","CK",11/24/2022,($60.41),"DEBITCARD: Hardware Store","","Home",$22739.38,"",
"0001112223","CK",11/25/2022,($130.12),"DEBITCARD: Clothing Store","","Shopping",$22609.26,"",
"0001112223","CK",11/26/2022,($8.38),"DEBITCARD: Ride Share","","Auto & Transport",$22600.88,"",
"0001112223","CK",11/27/2022,($1012.49),"ACH:CREDIT CARD PAYMENT","","Credit Card",$21588.39,"",
"0001112223","CK",11/28/2022,($4.90),"DEBITCARD: Coffee Shop","","Food & Drink",$21583.49,"",
"0001112223","CK",11/28/2022,($39.37),"DEBITCARD: Gas Station","","Gas / Fuel",$21544.12,"",
"0001112223","CK",11/29/2022,($8.64),"DEBITCARD: Books","","Shopping",$21535.48,"",
"0001112223","CK",11/30/2022,($8.94),"DEBITCARD: Streaming Add-on","","Entertainment",$21526.54,"",
"0001112223","CK",11/30/2022,($54.55),"DEBITCARD: Pet Supplies","","Pets",$21471.99,"",
"0001112223","CK",12/1/2022,$3800.00,"ACH:VISTA TECH PAYROLL","","Misc. Income",$25271.99,"",
"0001112223","CK",12/1/2022,($2189.00),"ACH:Redwood Grove RENT","","Mortgage / Rent",$23082.99,"",
"0001112223","CK",12/1/2022,($245.00),"ACH:HEALTH INSURANCE","","Insurance",$22837.99,"",
"0001112223","CK",12/1/2022,($114.81),"DEBITCARD: Clothing Store","","Shopping",$22723.18,"",
"0001112223","CK",12/4/2022,($425.00),"ACH:AUTO LOAN PAYMENT","","Auto & Transport",$22298.18,"budgeteer:goal=Auto Loan Down-payment",
"0001112223","CK",12/6/2022,($79.99),"ACH:ISP INTERNET BILL","","Internet",$22218.19,"",
"0001112223","CK",12/6/2022,($24.72),"DEBITCARD: Ride Share","","Auto & Transport",$22193.47,"",
"0001112223","CK",12/7/2022,($39.99),"ACH:GYM MEMBERSHIP","","Health",$22153.48,"",
"0001112223","CK",12/8/2022,($14.67),"DEBITCARD: Pet Supplies","","Pets",$22138.81,"",
"0001112223","CK",12/8/2022,($13.92),"DEBITCARD: Ride Share","","Auto & Transport",$22124.89,"",
"0001112223","CK",12/8/2022,($52.51),"DEBITCARD: Clothing Store","","Shopping",$22072.38,"",
"0001112223","CK",12/9/2022,($40.22),"DEBITCARD: Pet Supplies","","Pets",$22032.16,"",
"0001112223","CK",12/10/2022,($19.99),"ACH:STREAMING SUBSCRIPTION","","Entertainment",$22012.17,"",
"0001112223","CK",12/10/2022,$432.39,"ACH:MOONLIGHT GIG","","Misc. Income",$22444.56,"Side work",
"0001112223","CK",12/10/2022,($28.61),"DEBITCARD: Hardware Store","","Home",$22415.95,"",
"0001112223","CK",12/11/2022,($68.00),"ACH:MOBILE PHONE","","Utilities",$22347.95,"",
"0001112223","CK",12/11/2022,($210.00),"ACH:STUDENT LOAN SERVICER","","Loans",$22137.95,"",
"0001112223","CK",12/11/2022,($186.06),"ACH:ELECTRIC BILL","","Utilities",$21951.89,"",
"0001112223","CK",12/11/2022,($22.51),"DEBITCARD: Books","","Shopping",$21929.38,"",
"0001112223","CK",12/12/2022,($32.37),"DEBITCARD: Pharmacy","","Health",$21897.01,"",
"0001112223","CK",12/13/2022,($45.60),"DEBITCARD: Restaurant","","Food & Drink",$21851.41,"",
"0001112223","CK",12/13/2022,($4.94),"DEBITCARD: Coffee Shop","","Food & Drink",$21846.47,"",
"0001112223","CK",12/14/2022,($18.13),"DEBITCARD: Hardware Store","","Home",$21828.34,"",
"0001112223","CK",12/14/2022,($110.10),"DEBITCARD: Clothing Store","","Shopping",$21718.24,"",
"0001112223","CK",12/15/2022,$3800.00,"ACH:VISTA TECH PAYROLL","","Misc. Income",$25518.24,"",
"0001112223","CK",12/15/2022,($750.00),"Web Branch:TFR TO SV 0001112223","","Transfer",$24768.24,"budgeteer:apply=savings",
"0001112223","CK",12/15/2022,($25.73),"DEBITCARD: Books","","Shopping",$24742.51,"",
"0001112223","CK",12/15/2022,($7.90),"DEBITCARD: Streaming Add-on","","Entertainment",$24734.61,"",
"0001112223","CK",12/16/2022,($43.80),"DEBITCARD: Pharmacy","","Health",$24690.81,"",
"0001112223","CK",12/16/2022,($8.93),"DEBITCARD: Pharmacy","","Health",$24681.88,"",
"0001112223","CK",12/16/2022,($5.66),"DEBITCARD: Coffee Shop","","Food & Drink",$24676.22,"",
"0001112223","CK",12/17/2022,($8.07),"DEBITCARD: Streaming Add-on","","Entertainment",$24668.15,"",
"0001112223","CK",12/18/2022,($71.04),"DEBITCARD: Clothing Store","","Shopping",$24597.11,"",
"0001112223","CK",12/19/2022,($61.92),"DEBITCARD: Gas Station","","Gas / Fuel",$24535.19,"",
"0001112223","CK",12/19/2022,($59.47),"DEBITCARD: Gas Station","","Gas / Fuel",$24475.72,"",
"0001112223","CK",12/20/2022,($44.11),"ACH:WATER BILL","","Utilities",$24431.61,"",
"0001112223","CK",12/20/2022,($59.06),"DEBITCARD: Hardware Store","","Home",$24372.55,"",
"0001112223","CK",12/20/2022,($63.56),"DEBITCARD: Hardware Store","","Home",$24308.99,"",
"0001112223","CK",12/21/2022,$480.27,"ACH:MOONLIGHT GIG","","Misc. Income",$24789.26,"Side work",
"0001112223","CK",12/21/2022,$5.32,"DIVIDEND PAYMENT","","Misc. Income",$24794.58,"",
"0001112223","CK",12/21/2022,($7.15),"DEBITCARD: Ride Share","","Auto & Transport",$24787.43,"",
"0001112223","CK",12/22/2022,($44.57),"DEBITCARD: Restaurant","","Food & Drink",$24742.86,"",
"0001112223","CK",12/22/2022,($65.72),"DEBITCARD: Event Tickets","","Entertainment",$24677.14,"",
"0001112223","CK",12/22/2022,($30.59),"DEBITCARD: Hardware Store","","Home",$24646.55,"",
"0001112223","CK",12/22/2022,($24.56),"DEBITCARD: Books","","Shopping",$24621.99,"",
"0001112223","CK",12/23/2022,($662.42),"ACH:CREDIT CARD PAYMENT","","Credit Card",$23959.57,"",
"0001112223","CK",12/23/2022,($426.06),"DEBITCARD: Gifts","","Gifts",$23533.51,"",
"0001112223","CK",12/23/2022,($34.54),"DEBITCARD: Restaurant","","Food & Drink",$23498.97,"",
"0001112223","CK",12/30/2022,($5.36),"DEBITCARD: Streaming Add-on","","Entertainment",$23493.61,"",
"0001112223","CK",12/30/2022,($6.33),"DEBITCARD: Streaming Add-on","","Entertainment",$23487.28,"",
"0001112223","CK",1/1/2023,$3800.00,"ACH:VISTA TECH PAYROLL","","Misc. Income",$27287.28,"",
"0001112223","CK",1/1/2023,($2189.00),"ACH:Redwood Grove RENT","","Mortgage / Rent",$25098.28,"",
"0001112223","CK",1/1/2023,($50.88),"DEBITCARD: Clothing Store","","Shopping",$25047.40,"",
"0001112223","CK",1/3/2023,($245.00),"ACH:HEALTH INSURANCE","","Insurance",$24802.40,"",
"0001112223","CK",1/3/2023,($11.50),"DEBITCARD: Streaming Add-on","","Entertainment",$24790.90,"",
"0001112223","CK",1/3/2023,($32.09),"DEBITCARD: Hardware Store","","Home",$24758.81,"",
"0001112223","CK",1/4/2023,($63.48),"DEBITCARD: Pharmacy","","Health",$24695.33,"",
"0001112223","CK",1/4/2023,($45.62),"DEBITCARD: Gas Station","","Gas / Fuel",$24649.71,"",
"0001112223","CK",1/5/2023,($131.25),"DEBITCARD: Grocery Store","","Groceries",$24518.46,"",
"0001112223","CK",1/6/2023,($425.00),"ACH:AUTO LOAN PAYMENT","","Auto & Transport",$24093.46,"budgeteer:goal=Auto Loan Down-payment",
"0001112223","CK",1/6/2023,($79.99),"ACH:ISP INTERNET BILL","","Internet",$24013.47,"",
"0001112223","CK",1/6/2023,($162.25),"DEBITCARD: Event Tickets","","Entertainment",$23851.22,"",
"0001112223","CK",1/6/2023,($142.13),"DEBITCARD: Event Tickets","","Entertainment",$23709.09,"",
"0001112223","CK",1/7/2023,($39.99),"ACH:GYM MEMBERSHIP","","Health",$23669.10,"",
"0001112223","CK",1/7/2023,($60.99),"DEBITCARD: Gas Station","","Gas / Fuel",$23608.11,"",
"0001112223","CK",1/8/2023,($65.99),"DEBITCARD: Clothing Store","","Shopping",$23542.12,"",
"0001112223","CK",1/9/2023,($19.99),"ACH:STREAMING SUBSCRIPTION","","Entertainment",$23522.13,"",
"0001112223","CK",1/9/2023,($68.00),"ACH:MOBILE PHONE","","Utilities",$23454.13,"",
"0001112223","CK",1/9/2023,($68.85),"DEBITCARD: Hardware Store","","Home",$23385.28,"",
"0001112223","CK",1/9/2023,($159.24),"DEBITCARD: Grocery Store","","Groceries",$23226.04,"",
"0001112223","CK",1/11/2023,$596.65,"ACH:MOONLIGHT GIG","","Misc. Income",$23822.69,"Side work",
"0001112223","CK",1/13/2023,($210.00),"ACH:STUDENT LOAN SERVICER","","Loans",$23612.69,"",
"0001112223","CK",1/14/2023,($52.37),"DEBITCARD: Pharmacy","","Health",$23560.32,"",
"0001112223","CK",1/15/2023,$3800.00,"ACH:VISTA TECH PAYROLL","","Misc. Income",$27360.32,"",
"0001112223","CK",1/15/2023,($161.56),"ACH:ELECTRIC BILL","","Utilities",$27198.76,"",
"0001112223","CK",1/15/2023,($45.55),"DEBITCARD: Clothing Store","","Shopping",$27153.21,"",
"0001112223","CK",1/15/2023,($9.90),"DEBITCARD: Streaming Add-on","","Entertainment",$27143.31,"",
"0001112223","CK",1/15/2023,($23.37),"DEBITCARD: Books","","Shopping",$27119.94,"",
"0001112223","CK",1/16/2023,($60.55),"DEBITCARD: Gas Station","","Gas / Fuel",$27059.39,"",
"0001112223","CK",1/17/2023,($750.00),"Web Branch:TFR TO SV 0001112223","","Transfer",$26309.39,"budgeteer:apply=savings",
"0001112223","CK",1/17/2023,($22.90),"DEBITCARD: Ride Share","","Auto & Transport",$26286.49,"",
"0001112223","CK",1/19/2023,($11.50),"DEBITCARD: Ride Share","","Auto & Transport",$26274.99,"",
"0001112223","CK",1/19/2023,($128.60),"DEBITCARD: Grocery Store","","Groceries",$26146.39,"",
"0001112223","CK",1/20/2023,($132.36),"DEBITCARD: Clothing Store","","Shopping",$26014.03,"",
"0001112223","CK",1/20/2023,($29.93),"DEBITCARD: Books","","Shopping",$25984.10,"",
"0001112223","CK",1/21/2023,($10.41),"DEBITCARD: Streaming Add-on","","Entertainment",$25973.69,"",
"0001112223","CK",1/21/2023,($116.25),"DEBITCARD: Grocery Store","","Groceries",$25857.44,"",
"0001112223","CK",1/24/2023,($40.26),"ACH:WATER BILL","","Utilities",$25817.18,"",
"0001112223","CK",1/24/2023,($44.79),"DEBITCARD: Gas Station","","Gas / Fuel",$25772.39,"",
"0001112223","CK",1/24/2023,($45.74),"DEBITCARD: Pet Supplies","","Pets",$25726.65,"",
"0001112223","CK",1/25/2023,($1512.35),"ACH:CREDIT CARD PAYMENT","","Credit Card",$24214.30,"",
"0001112223","CK",1/26/2023,$3.69,"DIVIDEND PAYMENT","","Misc. Income",$24217.99,"",
"0001112223","CK",1/26/2023,($21.69),"DEBITCARD: Ride Share","","Auto & Transport",$24196.30,"",
"0001112223","CK",1/27/2023,($98.39),"DEBITCARD: Grocery Store","","Groceries",$24097.91,"",
"0001112223","CK",1/27/2023,($8.42),"DEBITCARD: Pharmacy","","Health",$24089.49,"",
"0001112223","CK",1/28/2023,($13.46),"DEBITCARD: Pet Supplies","","Pets",$24076.03,"",
"0001112223","CK",1/28/2023,($211.26),"DEBITCARD: Event Tickets","","Entertainment",$23864.77,"",
"0001112223","CK",1/30/2023,($48.55),"DEBITCARD: Restaurant","","Food & Drink",$23816.22,"",
"0001112223","CK",1/31/2023,($32.03),"DEBITCARD: Books","","Shopping",$23784.19,"",
"0001112223","CK",1/31/2023,($26.96),"DEBITCARD: Hardware Store","","Home",$23757.23,"",
"0001112223","CK",2/1/2023,$3800.00,"ACH:VISTA TECH PAYROLL","","Misc. Income",$27557.23,"",
"0001112223","CK",2/1/2023,($2189.00),"ACH:Redwood Grove RENT","","Mortgage / Rent",$25368.23,"",
"0001112223","CK",2/1/2023,($245.00),"ACH:HEALTH INSURANCE","","Insurance",$25123.23,"",
"0001112223","CK",2/1/2023,($15.83),"DEBITCARD: Books","","Shopping",$25107.40,"",
"0001112223","CK",2/1/2023,($114.18),"DEBITCARD: Clothing Store","","Shopping",$24993.22,"",
"0001112223","CK",2/1/2023,($35.66),"DEBITCARD: Pet Supplies","","Pets",$24957.56,"",
"0001112223","CK",2/3/2023,($68.77),"DEBITCARD: Grocery Store","","Groceries",$24888.79,"",
"0001112223","CK",2/4/2023,($4.88),"DEBITCARD: Coffee Shop","","Food & Drink",$24883.91,"",
"0001112223","CK",2/5/2023,($425.00),"ACH:AUTO LOAN PAYMENT","","Auto & Transport",$24458.91,"budgeteer:goal=Auto Loan Down-payment",
"0001112223","CK",2/5/2023,($44.83),"DEBITCARD: Pharmacy","","Health",$24414.08,"",
"0001112223","CK",2/6/2023,($79.99),"ACH:ISP INTERNET BILL","","Internet",$24334.09,"",
"0001112223","CK",2/7/2023,($108.03),"DEBITCARD: Event Tickets","","Entertainment",$24226.06,"",
"0001112223","CK",2/8/2023,($39.99),"ACH:GYM MEMBERSHIP","","Health",$24186.07,"",
"0001112223","CK",2/8/2023,($19.99),"ACH:STREAMING SUBSCRIPTION","","Entertainment",$24166.08,"",
"0001112223","CK",2/8/2023,($3.44),"DEBITCARD: Coffee Shop","","Food & Drink",$24162.64,"",
"0001112223","CK",2/9/2023,($45.65),"DEBITCARD: Pet Supplies","","Pets",$24116.99,"",
"0001112223","CK",2/10/2023,($68.00),"ACH:MOBILE PHONE","","Utilities",$24048.99,"",
"0001112223","CK",2/10/2023,($48.32),"DEBITCARD: Gas Station","","Gas / Fuel",$24000.67,"",
"0001112223","CK",2/10/2023,($26.16),"DEBITCARD: Books","","Shopping",$23974.51,"",
"0001112223","CK",2/10/2023,($22.95),"DEBITCARD: Ride Share","","Auto & Transport",$23951.56,"",
"0001112223","CK",2/10/2023,($174.73),"DEBITCARD: Grocery Store","","Groceries",$23776.83,"",
"0001112223","CK",2/11/2023,($84.04),"DEBITCARD: Clothing Store","","Shopping",$23692.79,"",
"0001112223","CK",2/11/2023,($59.15),"DEBITCARD: Event Tickets","","Entertainment",$23633.64,"",
"0001112223","CK",2/12/2023,$760.90,"ACH:MOONLIGHT GIG","","Misc. Income",$24394.54,"Side work",
"0001112223","CK",2/12/2023,($29.91),"DEBITCARD: Pet Supplies","","Pets",$24364.63,"",
"0001112223","CK",2/13/2023,($210.00),"ACH:STUDENT LOAN SERVICER","","Loans",$24154.63,"",
"0001112223","CK",2/13/2023,($8.21),"DEBITCARD: Coffee Shop","","Food & Drink",$24146.42,"",
"0001112223","CK",2/13/2023,($62.06),"DEBITCARD: Clothing Store","","Shopping",$24084.36,"",
"0001112223","CK",2/13/2023,($152.89),"DEBITCARD: Grocery Store","","Groceries",$23931.47,"",
"0001112223","CK",2/14/2023,($177.06),"ACH:ELECTRIC BILL","","Utilities",$23754.41,"",
"0001112223","CK",2/14/2023,($12.88),"DEBITCARD: Ride Share","","Auto & Transport",$23741.53,"",
"0001112223","CK",2/15/2023,$3800.00,"ACH:VISTA TECH PAYROLL","","Misc. Income",$27541.53,"",
"0001112223","CK",2/15/2023,($39.00),"DEBITCARD: Restaurant","","Food & Drink",$27502.53,"",
"0001112223","CK",2/15/2023,($60.20),"DEBITCARD: Gas Station","","Gas / Fuel",$27442.33,"",
"0001112223","CK",2/17/2023,($750.00),"Web Branch:TFR TO SV 0001112223","","Transfer",$26692.33,"budgeteer:apply=savings",
"0001112223","CK",2/17/2023,($61.35),"DEBITCARD: Event Tickets","","Entertainment",$26630.98,"",
"0001112223","CK",2/19/2023,($23.19),"DEBITCARD: Books","","Shopping",$26607.79,"",
"0001112223","CK",2/20/2023,($188.02),"DEBITCARD: Grocery Store","","Groceries",$26419.77,"",
"0001112223","CK",2/20/2023,($48.00),"DEBITCARD: Gas Station","","Gas / Fuel",$26371.77,"",
"0001112223","CK",2/21/2023,($195.04),"DEBITCARD: Grocery Store","","Groceries",$26176.73,"",
"0001112223","CK",2/21/2023,($33.78),"DEBITCARD: Pet Supplies","","Pets",$26142.95,"",
"0001112223","CK",2/23/2023,($49.40),"ACH:WATER BILL","","Utilities",$26093.55,"",
"0001112223","CK",2/23/2023,($8.01),"DEBITCARD: Coffee Shop","","Food & Drink",$26085.54,"",
"0001112223","CK",2/24/2023,($22.19),"DEBITCARD: Books","","Shopping",$26063.35,"",
"0001112223","CK",2/26/2023,($68.21),"DEBITCARD: Gas Station","","Gas / Fuel",$25995.14,"",
"0001112223","CK",2/26/2023,($65.07),"DEBITCARD: Gas Station","","Gas / Fuel",$25930.07,"",
"0001112223","CK",2/27/2023,($1162.27),"ACH:CREDIT CARD PAYMENT","","Credit Card",$24767.80,"",
"0001112223","CK",2/27/2023,($10.49),"DEBITCARD: Books","","Shopping",$24757.31,"",
"0001112223","CK",2/28/2023,($5.45),"DEBITCARD: Streaming Add-on","","Entertainment",$24751.86,"",
"0001112223","CK",2/28/2023,($173.83),"DEBITCARD: Grocery Store","","Groceries",$24578.03,"",
"0001112223","CK",3/1/2023,$3800.00,"ACH:VISTA TECH PAYROLL","","Misc. Income",$28378.03,"",
"0001112223","CK",3/1/2023,($2189.00),"ACH:Redwood Grove RENT","","Mortgage / Rent",$26189.03,"",
"0001112223","CK",3/2/2023,($55.96),"DEBITCARD: Pharmacy","","Health",$26133.07,"",
"0001112223","CK",3/2/2023,($10.96),"DEBITCARD: Streaming Add-on","","Entertainment",$26122.11,"",
"0001112223","CK",3/3/2023,($245.00),"ACH:HEALTH INSURANCE","","Insurance",$25877.11,"",
"0001112223","CK",3/3/2023,($34.88),"DEBITCARD: Clothing Store","","Shopping",$25842.23,"",
"0001112223","CK",3/4/2023,($425.00),"ACH:AUTO LOAN PAYMENT","","Auto & Transport",$25417.23,"budgeteer:goal=Auto Loan Down-payment",
"0001112223","CK",3/4/2023,($61.86),"DEBITCARD: Restaurant","","Food & Drink",$25355.37,"",
"0001112223","CK",3/4/2023,($19.44),"DEBITCARD: Hardware Store","","Home",$25335.93,"",
"0001112223","CK",3/4/2023,($13.68),"DEBITCARD: Books","","Shopping",$25322.25,"",
"0001112223","CK",3/4/2023,($67.77),"DEBITCARD: Gas Station","","Gas / Fuel",$25254.48,"",
"0001112223","CK",3/5/2023,($32.98),"DEBITCARD: Books","","Shopping",$25221.50,"",
"0001112223","CK",3/6/2023,$925.16,"ACH:MOONLIGHT GIG","","Misc. Income",$26146.66,"Side work",
"0001112223","CK",3/6/2023,($36.04),"DEBITCARD: Pet Supplies","","Pets",$26110.62,"",
"0001112223","CK",3/6/2023,($17.87),"DEBITCARD: Pet Supplies","","Pets",$26092.75,"",
"0001112223","CK",3/6/2023,($49.07),"DEBITCARD: Event Tickets","","Entertainment",$26043.68,"",
"0001112223","CK",3/7/2023,($79.99),"ACH:ISP INTERNET BILL","","Internet",$25963.69,"",
"0001112223","CK",3/7/2023,($49.03),"DEBITCARD: Gas Station","","Gas / Fuel",$25914.66,"",
"0001112223","CK",3/7/2023,($36.03),"DEBITCARD: Restaurant","","Food & Drink",$25878.63,"",
"0001112223","CK",3/8/2023,($39.99),"ACH:GYM MEMBERSHIP","","Health",$25838.64,"",
"0001112223","CK",3/8/2023,($40.51),"DEBITCARD: Pet Supplies","","Pets",$25798.13,"",
"0001112223","CK",3/9/2023,($68.00),"ACH:MOBILE PHONE","","Utilities",$25730.13,"",
"0001112223","CK",3/9/2023,($11.65),"DEBITCARD: Pharmacy","","Health",$25718.48,"",
"0001112223","CK",3/10/2023,($19.99),"ACH:STREAMING SUBSCRIPTION","","Entertainment",$25698.49,"",
"0001112223","CK",3/10/2023,($11.14),"DEBITCARD: Books","","Shopping",$25687.35,"",
"0001112223","CK",3/10/2023,($66.89),"DEBITCARD: Clothing Store","","Shopping",$25620.46,"",
"0001112223","CK",3/10/2023,($10.34),"DEBITCARD: Streaming Add-on","","Entertainment",$25610.12,"",
"0001112223","CK",3/12/2023,($210.00),"ACH:STUDENT LOAN SERVICER","","Loans",$25400.12,"",
"0001112223","CK",3/12/2023,($67.11),"DEBITCARD: Gas Station","","Gas / Fuel",$25333.01,"",
"0001112223","CK",3/14/2023,($117.56),"ACH:ELECTRIC BILL","","Utilities",$25215.45,"",
"0001112223","CK",3/14/2023,($25.79),"DEBITCARD: Ride Share","","Auto & Transport",$25189.66,"",
"0001112223","CK",3/14/2023,($201.73),"DEBITCARD: Event Tickets","","Entertainment",$24987.93,"",
"0001112223","CK",3/14/2023,($5.66),"DEBITCARD: Streaming Add-on","","Entertainment",$24982.27,"",
"0001112223","CK",3/15/2023,$3800.00,"ACH:VISTA TECH PAYROLL","","Misc. Income",$28782.27,"",
"0001112223","CK",3/16/2023,($750.00),"Web Branch:TFR TO SV 0001112223","","Transfer",$28032.27,"budgeteer:apply=savings",
"0001112223","CK",3/17/2023,($145.25),"DEBITCARD: Event Tickets","","Entertainment",$27887.02,"",
"0001112223","CK",3/19/2023,($5.05),"DEBITCARD: Streaming Add-on","","Entertainment",$27881.97,"",
"0001112223","CK",3/19/2023,($14.09),"DEBITCARD: Restaurant","","Food & Drink",$27867.88,"",
"0001112223","CK",3/22/2023,($47.72),"DEBITCARD: Gas Station","","Gas / Fuel",$27820.16,"",
"0001112223","CK",3/23/2023,($45.55),"ACH:WATER BILL","","Utilities",$27774.61,"",
"0001112223","CK",3/23/2023,($812.20),"ACH:CREDIT CARD PAYMENT","","Credit Card",$26962.41,"",
"0001112223","CK",3/23/2023,($21.09),"DEBITCARD: Books","","Shopping",$26941.32,"",
"0001112223","CK",3/23/2023,($53.28),"DEBITCARD: Clothing Store","","Shopping",$26888.04,"",
"0001112223","CK",3/24/2023,($47.57),"DEBITCARD: Restaurant","","Food & Drink",$26840.47,"",
"0001112223","CK",3/26/2023,($10.55),"DEBITCARD: Ride Share","","Auto & Transport",$26829.92,"",
"0001112223","CK",3/28/2023,($11.15),"DEBITCARD: Streaming Add-on","","Entertainment",$26818.77,"",
"0001112223","CK",3/29/2023,($19.69),"DEBITCARD: Ride Share","","Auto & Transport",$26799.08,"",
"0001112223","CK",3/29/2023,($9.41),"DEBITCARD: Coffee Shop","","Food & Drink",$26789.67,"",
"0001112223","CK",3/30/2023,($42.04),"DEBITCARD: Hardware Store","","Home",$26747.63,"",
"0001112223","CK",3/31/2023,($35.20),"DEBITCARD: Restaurant","","Food & Drink",$26712.43,"",
"0001112223","CK",4/1/2023,$3800.00,"ACH:VISTA TECH PAYROLL","","Misc. Income",$30512.43,"",
"0001112223","CK",4/1/2023,($2189.00),"ACH:Redwood Grove RENT","","Mortgage / Rent",$28323.43,"",
"0001112223","CK",4/1/2023,($245.00),"ACH:HEALTH INSURANCE","","Insurance",$28078.43,"",
"0001112223","CK",4/1/2023,($76.21),"DEBITCARD: Gas Station","","Gas / Fuel",$28002.22,"",
"0001112223","CK",4/1/2023,($9.63),"DEBITCARD: Streaming Add-on","","Entertainment",$27992.59,"",
"0001112223","CK",4/1/2023,($8.41),"DEBITCARD: Coffee Shop","","Food & Drink",$27984.18,"",
"0001112223","CK",4/3/2023,($34.38),"DEBITCARD: Gas Station","","Gas / Fuel",$27949.80,"",
"0001112223","CK",4/3/2023,($27.94),"DEBITCARD: Restaurant","","Food & Drink",$27921.86,"",
"0001112223","CK",4/6/2023,($425.00),"ACH:AUTO LOAN PAYMENT","","Auto & Transport",$27496.86,"budgeteer:goal=Auto Loan Down-payment",
"0001112223","CK",4/6/2023,($72.68),"DEBITCARD: Gas Station","","Gas / Fuel",$27424.18,"",
"0001112223","CK",4/6/2023,($58.27),"DEBITCARD: Gas Station","","Gas / Fuel",$27365.91,"",
"0001112223","CK",4/6/2023,($41.21),"DEBITCARD: Pharmacy","","Health",$27324.70,"",
"0001112223","CK",4/7/2023,($79.99),"ACH:ISP INTERNET BILL","","Internet",$27244.71,"",
"0001112223","CK",4/7/2023,($6.75),"DEBITCARD: Streaming Add-on","","Entertainment",$27237.96,"",
"0001112223","CK",4/7/2023,($128.24),"DEBITCARD: Event Tickets","","Entertainment",$27109.72,"",
"0001112223","CK",4/9/2023,($39.99),"ACH:GYM MEMBERSHIP","","Health",$27069.73,"",
"0001112223","CK",4/9/2023,($19.99),"ACH:STREAMING SUBSCRIPTION","","Entertainment",$27049.74,"",
"0001112223","CK",4/10/2023,($68.00),"ACH:MOBILE PHONE","","Utilities",$26981.74,"",
"0001112223","CK",4/10/2023,$2364.19,"US TREASURY TAX REFUND","","Misc. Income",$29345.93,"",
"0001112223","CK",4/10/2023,($20.71),"DEBITCARD: Ride Share","","Auto & Transport",$29325.22,"",
"0001112223","CK",4/10/2023,($39.65),"DEBITCARD: Restaurant","","Food & Drink",$29285.57,"",
"0001112223","CK",4/11/2023,($210.00),"ACH:STUDENT LOAN SERVICER","","Loans",$29075.57,"",
"0001112223","CK",4/13/2023,($133.07),"ACH:ELECTRIC BILL","","Utilities",$28942.50,"",
"0001112223","CK",4/13/2023,($10.08),"DEBITCARD: Streaming Add-on","","Entertainment",$28932.42,"",
"0001112223","CK",4/13/2023,($31.25),"DEBITCARD: Pet Supplies","","Pets",$28901.17,"",
"0001112223","CK",4/14/2023,($843.39),"DEBITCARD: Medical Bill","","Health",$28057.78,"",
"0001112223","CK",4/15/2023,$3800.00,"ACH:VISTA TECH PAYROLL","","Misc. Income",$31857.78,"",
"0001112223","CK",4/15/2023,($7.51),"DEBITCARD: Streaming Add-on","","Entertainment",$31850.27,"",
"0001112223","CK",4/16/2023,($750.00),"Web Branch:TFR TO SV 0001112223","","Transfer",$31100.27,"budgeteer:apply=savings",
"0001112223","CK",4/16/2023,($15.59),"DEBITCARD: Books","","Shopping",$31084.68,"",
"0001112223","CK",4/16/2023,($47.17),"DEBITCARD: Pet Supplies","","Pets",$31037.51,"",
"0001112223","CK",4/16/2023,($8.29),"DEBITCARD: Streaming Add-on","","Entertainment",$31029.22,"",
"0001112223","CK",4/18/2023,($133.06),"DEBITCARD: Event Tickets","","Entertainment",$30896.16,"",
"0001112223","CK",4/18/2023,($15.50),"DEBITCARD: Ride Share","","Auto & Transport",$30880.66,"",
"0001112223","CK",4/18/2023,($16.38),"DEBITCARD: Pharmacy","","Health",$30864.28,"",
"0001112223","CK",4/19/2023,($391.47),"DEBITCARD: Travel Booking","","Travel",$30472.81,"",
"0001112223","CK",4/21/2023,$9.22,"DIVIDEND PAYMENT","","Misc. Income",$30482.03,"",
"0001112223","CK",4/22/2023,($41.70),"ACH:WATER BILL","","Utilities",$30440.33,"",
"0001112223","CK",4/23/2023,($46.20),"DEBITCARD: Restaurant","","Food & Drink",$30394.13,"",
"0001112223","CK",4/24/2023,($201.70),"DEBITCARD: Grocery Store","","Groceries",$30192.43,"",
"0001112223","CK",4/24/2023,($61.75),"DEBITCARD: Hardware Store","","Home",$30130.68,"",
"0001112223","CK",4/24/2023,($28.60),"DEBITCARD: Hardware Store","","Home",$30102.08,"",
"0001112223","CK",4/24/2023,($14.60),"DEBITCARD: Ride Share","","Auto & Transport",$30087.48,"",
"0001112223","CK",4/24/2023,($12.41),"DEBITCARD: Restaurant","","Food & Drink",$30075.07,"",
"0001112223","CK",4/25/2023,($1662.13),"ACH:CREDIT CARD PAYMENT","","Credit Card",$28412.94,"",
"0001112223","CK",4/26/2023,($43.74),"DEBITCARD: Pharmacy","","Health",$28369.20,"",
"0001112223","CK",4/26/2023,($49.50),"DEBITCARD: Gas Station","","Gas / Fuel",$28319.70,"",
"0001112223","CK",4/26/2023,($33.71),"DEBITCARD: Pet Supplies","","Pets",$28285.99,"",
"0001112223","CK",4/28/2023,($11.22),"DEBITCARD: Streaming Add-on","","Entertainment",$28274.77,"",
"0001112223","CK",4/28/2023,($52.73),"DEBITCARD: Clothing Store","","Shopping",$28222.04,"",
"0001112223","CK",5/1/2023,$3800.00,"ACH:VISTA TECH PAYROLL","","Misc. Income",$32022.04,"",
"0001112223","CK",5/1/2023,($2189.00),"ACH:Redwood Grove RENT","","Mortgage / Rent",$29833.04,"",
"0001112223","CK",5/1/2023,($29.12),"DEBITCARD: Books","","Shopping",$29803.92,"",
"0001112223","CK",5/1/2023,($28.46),"DEBITCARD: Clothing Store","","Shopping",$29775.46,"",
"0001112223","CK",5/2/2023,($245.00),"ACH:HEALTH INSURANCE","","Insurance",$29530.46,"",
"0001112223","CK",5/3/2023,($11.90),"DEBITCARD: Streaming Add-on","","Entertainment",$29518.56,"",
"0001112223","CK",5/3/2023,($5.88),"DEBITCARD: Coffee Shop","","Food & Drink",$29512.68,"",
"0001112223","CK",5/3/2023,($146.57),"DEBITCARD: Grocery Store","","Groceries",$29366.11,"",
"0001112223","CK",5/4/2023,($6.08),"DEBITCARD: Coffee Shop","","Food & Drink",$29360.03,"",
"0001112223","CK",5/5/2023,($425.00),"ACH:AUTO LOAN PAYMENT","","Auto & Transport",$28935.03,"budgeteer:goal=Auto Loan Down-payment",
"0001112223","CK",5/7/2023,($79.99),"ACH:ISP INTERNET BILL","","Internet",$28855.04,"",
"0001112223","CK",5/7/2023,($25.13),"DEBITCARD: Books","","Shopping",$28829.91,"",
"0001112223","CK",5/7/2023,($149.61),"DEBITCARD: Grocery Store","","Groceries",$28680.30,"",
"0001112223","CK",5/8/2023,($75.12),"DEBITCARD: Event Tickets","","Entertainment",$28605.18,"",
"0001112223","CK",5/9/2023,($39.99),"ACH:GYM MEMBERSHIP","","Health",$28565.19,"",
"0001112223","CK",5/9/2023,($19.99),"ACH:STREAMING SUBSCRIPTION","","Entertainment",$28545.20,"",
"0001112223","CK",5/9/2023,($12.76),"DEBITCARD: Restaurant","","Food & Drink",$28532.44,"",
"0001112223","CK",5/9/2023,($13.70),"DEBITCARD: Ride Share","","Auto & Transport",$28518.74,"",
"0001112223","CK",5/10/2023,($6.78),"DEBITCARD: Streaming Add-on","","Entertainment",$28511.96,"",
"0001112223","CK",5/11/2023,($68.00),"ACH:MOBILE PHONE","","Utilities",$28443.96,"",
"0001112223","CK",5/12/2023,($148.57),"ACH:ELECTRIC BILL","","Utilities",$28295.39,"",
"0001112223","CK",5/12/2023,($11.36),"DEBITCARD: Streaming Add-on","","Entertainment",$28284.03,"",
"0001112223","CK",5/12/2023,($63.15),"DEBITCARD: Clothing Store","","Shopping",$28220.88,"",
"0001112223","CK",5/12/2023,($24.64),"DEBITCARD: Restaurant","","Food & Drink",$28196.24,"",
"0001112223","CK",5/13/2023,($210.00),"ACH:STUDENT LOAN SERVICER","","Loans",$27986.24,"",
"0001112223","CK",5/13/2023,($93.49),"DEBITCARD: Clothing Store","","Shopping",$27892.75,"",
"0001112223","CK",5/15/2023,$3800.00,"ACH:VISTA TECH PAYROLL","","Misc. Income",$31692.75,"",
"0001112223","CK",5/15/2023,($750.00),"Web Branch:TFR TO SV 0001112223","","Transfer",$30942.75,"budgeteer:apply=savings",
"0001112223","CK",5/15/2023,($43.11),"DEBITCARD: Hardware Store","","Home",$30899.64,"",
"0001112223","CK",5/16/2023,($37.05),"DEBITCARD: Clothing Store","","Shopping",$30862.59,"",
"0001112223","CK",5/17/2023,($17.54),"DEBITCARD: Ride Share","","Auto & Transport",$30845.05,"",
"0001112223","CK",5/19/2023,($8.80),"DEBITCARD: Books","","Shopping",$30836.25,"",
"0001112223","CK",5/19/2023,($9.15),"DEBITCARD: Streaming Add-on","","Entertainment",$30827.10,"",
"0001112223","CK",5/21/2023,($50.85),"ACH:WATER BILL","","Utilities",$30776.25,"",
"0001112223","CK",5/23/2023,$4.23,"DIVIDEND PAYMENT","","Misc. Income",$30780.48,"",
"0001112223","CK",5/23/2023,($72.99),"DEBITCARD: Hardware Store","","Home",$30707.49,"",
"0001112223","CK",5/23/2023,($44.52),"DEBITCARD: Gas Station","","Gas / Fuel",$30662.97,"",
"0001112223","CK",5/24/2023,($207.76),"DEBITCARD: Grocery Store","","Groceries",$30455.21,"",
"0001112223","CK",5/26/2023,($1312.05),"ACH:CREDIT CARD PAYMENT","","Credit Card",$29143.16,"",
"0001112223","CK",5/26/2023,($195.84),"DEBITCARD: Grocery Store","","Groceries",$28947.32,"",
"0001112223","CK",5/27/2023,($196.61),"DEBITCARD: Grocery Store","","Groceries",$28750.71,"",
"0001112223","CK",5/27/2023,($141.90),"DEBITCARD: Grocery Store","","Groceries",$28608.81,"",
"0001112223","CK",5/29/2023,($11.42),"DEBITCARD: Streaming Add-on","","Entertainment",$28597.39,"",
"0001112223","CK",5/29/2023,($49.06),"DEBITCARD: Gas Station","","Gas / Fuel",$28548.33,"",
"0001112223","CK",5/29/2023,($117.33),"DEBITCARD: Clothing Store","","Shopping",$28431.00,"",
"0001112223","CK",5/29/2023,($64.99),"DEBITCARD: Gas Station","","Gas / Fuel",$28366.01,"",
"0001112223","CK",5/30/2023,($10.91),"DEBITCARD: Streaming Add-on","","Entertainment",$28355.10,"",
"0001112223","CK",5/30/2023,($29.01),"DEBITCARD: Pharmacy","","Health",$28326.09,"",
"0001112223","CK",5/30/2023,($55.02),"DEBITCARD: Event Tickets","","Entertainment",$28271.07,"",
"0001112223","CK",5/31/2023,($5.20),"DEBITCARD: Coffee Shop","","Food & Drink",$28265.87,"",
"0001112223","CK",6/1/2023,$3800.00,"ACH:VISTA TECH PAYROLL","","Misc. Income",$32065.87,"",
"0001112223","CK",6/1/2023,($2189.00),"ACH:Redwood Grove RENT","","Mortgage / Rent",$29876.87,"",
"0001112223","CK",6/1/2023,($245.00),"ACH:HEALTH INSURANCE","","Insurance",$29631.87,"",
"0001112223","CK",6/1/2023,($122.17),"DEBITCARD: Event Tickets","","Entertainment",$29509.70,"",
"0001112223","CK",6/3/2023,($27.08),"DEBITCARD: Ride Share","","Auto & Transport",$29482.62,"",
"0001112223","CK",6/4/2023,($45.76),"DEBITCARD: Restaurant","","Food & Drink",$29436.86,"",
"0001112223","CK",6/5/2023,($425.00),"ACH:AUTO LOAN PAYMENT","","Auto & Transport",$29011.86,"budgeteer:goal=Auto Loan Down-payment",
"0001112223","CK",6/5/2023,($9.92),"DEBITCARD: Streaming Add-on","","Entertainment",$29001.94,"",
"0001112223","CK",6/6/2023,($12.72),"DEBITCARD: Pharmacy","","Health",$28989.22,"",
"0001112223","CK",6/7/2023,($79.99),"ACH:ISP INTERNET BILL","","Internet",$28909.23,"",
"0001112223","CK",6/7/2023,($39.99),"ACH:GYM MEMBERSHIP","","Health",$28869.24,"",
"0001112223","CK",6/7/2023,($5.27),"DEBITCARD: Streaming Add-on","","Entertainment",$28863.97,"",
"0001112223","CK",6/8/2023,($19.99),"ACH:STREAMING SUBSCRIPTION","","Entertainment",$28843.98,"",
"0001112223","CK",6/8/2023,($7.30),"DEBITCARD: Streaming Add-on","","Entertainment",$28836.68,"",
"0001112223","CK",6/8/2023,($23.35),"DEBITCARD: Pet Supplies","","Pets",$28813.33,"",
"0001112223","CK",6/9/2023,($286.03),"DEBITCARD: Medical Bill","","Health",$28527.30,"",
"0001112223","CK",6/9/2023,($175.85),"DEBITCARD: Grocery Store","","Groceries",$28351.45,"",
"0001112223","CK",6/10/2023,($68.00),"ACH:MOBILE PHONE","","Utilities",$28283.45,"",
"0001112223","CK",6/10/2023,($51.03),"DEBITCARD: Gas Station","","Gas / Fuel",$28232.42,"",
"0001112223","CK",6/10/2023,($103.90),"DEBITCARD: Clothing Store","","Shopping",$28128.52,"",
"0001112223","CK",6/10/2023,($26.44),"DEBITCARD: Books","","Shopping",$28102.08,"",
"0001112223","CK",6/10/2023,($6.90),"DEBITCARD: Coffee Shop","","Food & Drink",$28095.18,"",
"0001112223","CK",6/10/2023,($39.89),"DEBITCARD: Pet Supplies","","Pets",$28055.29,"",
"0001112223","CK",6/11/2023,($179.07),"ACH:ELECTRIC BILL","","Utilities",$27876.22,"",
"0001112223","CK",6/12/2023,($210.00),"ACH:STUDENT LOAN SERVICER","","Loans",$27666.22,"",
"0001112223","CK",6/13/2023,($37.68),"DEBITCARD: Gas Station","","Gas / Fuel",$27628.54,"",
"0001112223","CK",6/14/2023,($6.08),"DEBITCARD: Streaming Add-on","","Entertainment",$27622.46,"",
"0001112223","CK",6/15/2023,$3800.00,"ACH:VISTA TECH PAYROLL","","Misc. Income",$31422.46,"",
"0001112223","CK",6/16/2023,($8.51),"DEBITCARD: Coffee Shop","","Food & Drink",$31413.95,"",
"0001112223","CK",6/16/2023,($24.19),"DEBITCARD: Ride Share","","Auto & Transport",$31389.76,"",
"0001112223","CK",6/17/2023,($750.00),"Web Branch:TFR TO SV 0001112223","","Transfer",$30639.76,"budgeteer:apply=savings",
"0001112223","CK",6/17/2023,($36.13),"DEBITCARD: Pet Supplies","","Pets",$30603.63,"",
"0001112223","CK",6/18/2023,($82.39),"DEBITCARD: Clothing Store","","Shopping",$30521.24,"",
"0001112223","CK",6/18/2023,($25.74),"DEBITCARD: Ride Share","","Auto & Transport",$30495.50,"",
"0001112223","CK",6/19/2023,($135.86),"DEBITCARD: Clothing Store","","Shopping",$30359.64,"",
"0001112223","CK",6/20/2023,($70.24),"DEBITCARD: Gas Station","","Gas / Fuel",$30289.40,"",
"0001112223","CK",6/21/2023,($47.00),"ACH:WATER BILL","","Utilities",$30242.40,"",
"0001112223","CK",6/21/2023,($40.60),"DEBITCARD: Pharmacy","","Health",$30201.80,"",
"0001112223","CK",6/22/2023,($19.13),"DEBITCARD: Ride Share","","Auto & Transport",$30182.67,"",
"0001112223","CK",6/22/2023,($34.52),"DEBITCARD: Gas Station","","Gas / Fuel",$30148.15,"",
"0001112223","CK",6/23/2023,($961.98),"ACH:CREDIT CARD PAYMENT","","Credit Card",$29186.17,"",
"0001112223","CK",6/23/2023,($36.48),"DEBITCARD: Pharmacy","","Health",$29149.69,"",
"0001112223","CK",6/23/2023,($7.19),"DEBITCARD: Ride Share","","Auto & Transport",$29142.50,"",
"0001112223","CK",6/23/2023,($37.68),"DEBITCARD: Pet Supplies","","Pets",$29104.82,"",
"0001112223","CK",6/24/2023,($23.56),"DEBITCARD: Books","","Shopping",$29081.26,"",
"0001112223","CK",6/24/2023,($4.71),"DEBITCARD: Coffee Shop","","Food & Drink",$29076.55,"",
"0001112223","CK",6/25/2023,($41.24),"DEBITCARD: Hardware Store","","Home",$29035.31,"",
"0001112223","CK",6/26/2023,($101.82),"DEBITCARD: Grocery Store","","Groceries",$28933.49,"",
"0001112223","CK",6/29/2023,($169.12),"DEBITCARD: Grocery Store","","Groceries",$28764.37,"",
"0001112223","CK",6/30/2023,($49.91),"DEBITCARD: Pharmacy","","Health",$28714.46,"",
"0001112223","CK",7/1/2023,$3800.00,"ACH:VISTA TECH PAYROLL","","Misc. Income",$32514.46,"",
"0001112223","CK",7/1/2023,($2189.00),"ACH:Redwood Grove RENT","","Mortgage / Rent",$30325.46,"",
"0001112223","CK",7/1/2023,($64.49),"DEBITCARD: Event Tickets","","Entertainment",$30260.97,"",
"0001112223","CK",7/1/2023,($70.78),"DEBITCARD: Hardware Store","","Home",$30190.19,"",
"0001112223","CK",7/2/2023,($245.00),"ACH:HEALTH INSURANCE","","Insurance",$29945.19,"",
"0001112223","CK",7/2/2023,($60.51),"DEBITCARD: Restaurant","","Food & Drink",$29884.68,"",
"0001112223","CK",7/2/2023,($8.28),"DEBITCARD: Coffee Shop","","Food & Drink",$29876.40,"",
"0001112223","CK",7/2/2023,($16.76),"DEBITCARD: Pet Supplies","","Pets",$29859.64,"",
"0001112223","CK",7/3/2023,($41.19),"DEBITCARD: Restaurant","","Food & Drink",$29818.45,"",
"0001112223","CK",7/4/2023,($425.00),"ACH:AUTO LOAN PAYMENT","","Auto & Transport",$29393.45,"budgeteer:goal=Auto Loan Down-payment",
"0001112223","CK",7/6/2023,($165.23),"DEBITCARD: Event Tickets","","Entertainment",$29228.22,"",
"0001112223","CK",7/7/2023,($79.99),"ACH:ISP INTERNET BILL","","Internet",$29148.23,"",
"0001112223","CK",7/7/2023,($39.99),"ACH:GYM MEMBERSHIP","","Health",$29108.24,"",
"0001112223","CK",7/8/2023,($55.36),"DEBITCARD: Event Tickets","","Entertainment",$29052.88,"",
"0001112223","CK",7/8/2023,($54.98),"DEBITCARD: Pharmacy","","Health",$28997.90,"",
"0001112223","CK",7/9/2023,($81.31),"DEBITCARD: Grocery Store","","Groceries",$28916.59,"",
"0001112223","CK",7/9/2023,($17.29),"DEBITCARD: Books","","Shopping",$28899.30,"",
"0001112223","CK",7/9/2023,($7.36),"DEBITCARD: Streaming Add-on","","Entertainment",$28891.94,"",
"0001112223","CK",7/10/2023,($19.99),"ACH:STREAMING SUBSCRIPTION","","Entertainment",$28871.95,"",
"0001112223","CK",7/10/2023,($5.64),"DEBITCARD: Streaming Add-on","","Entertainment",$28866.31,"",
"0001112223","CK",7/10/2023,($4.17),"DEBITCARD: Coffee Shop","","Food & Drink",$28862.14,"",
"0001112223","CK",7/10/2023,($9.07),"DEBITCARD: Ride Share","","Auto & Transport",$28853.07,"",
"0001112223","CK",7/11/2023,($68.00),"ACH:MOBILE PHONE","","Utilities",$28785.07,"",
"0001112223","CK",7/11/2023,($210.00),"ACH:STUDENT LOAN SERVICER","","Loans",$28575.07,"",
"0001112223","CK",7/11/2023,($5.73),"DEBITCARD: Coffee Shop","","Food & Drink",$28569.34,"",
"0001112223","CK",7/11/2023,($63.69),"DEBITCARD: Pharmacy","","Health",$28505.65,"",
"0001112223","CK",7/11/2023,($21.92),"DEBITCARD: Restaurant","","Food & Drink",$28483.73,"",
"0001112223","CK",7/13/2023,($70.64),"DEBITCARD: Grocery Store","","Groceries",$28413.09,"",
"0001112223","CK",7/14/2023,($5.41),"DEBITCARD: Streaming Add-on","","Entertainment",$28407.68,"",
"0001112223","CK",7/14/2023,($20.37),"DEBITCARD: Restaurant","","Food & Drink",$28387.31,"",
"0001112223","CK",7/15/2023,$3800.00,"ACH:VISTA TECH PAYROLL","","Misc. Income",$32187.31,"",
"0001112223","CK",7/15/2023,($194.57),"ACH:ELECTRIC BILL","","Utilities",$31992.74,"",
"0001112223","CK",7/16/2023,($29.94),"DEBITCARD: Hardware Store","","Home",$31962.80,"",
"0001112223","CK",7/17/2023,($750.00),"Web Branch:TFR TO SV 0001112223","","Transfer",$31212.80,"budgeteer:apply=savings",
"0001112223","CK",7/18/2023,($23.99),"DEBITCARD: Pharmacy","","Health",$31188.81,"",
"0001112223","CK",7/19/2023,($36.57),"DEBITCARD: Pet Supplies","","Pets",$31152.24,"",
"0001112223","CK",7/20/2023,($43.15),"ACH:WATER BILL","","Utilities",$31109.09,"",
"0001112223","CK",7/21/2023,($55.90),"DEBITCARD: Event Tickets","","Entertainment",$31053.19,"",
"0001112223","CK",7/21/2023,($86.45),"DEBITCARD: Event Tickets","","Entertainment",$30966.74,"",
"0001112223","CK",7/23/2023,($13.44),"DEBITCARD: Restaurant","","Food & Drink",$30953.30,"",
"0001112223","CK",7/25/2023,($1811.91),"ACH:CREDIT CARD PAYMENT","","Credit Card",$29141.39,"",
"0001112223","CK",7/25/2023,($65.82),"DEBITCARD: Event Tickets","","Entertainment",$29075.57,"",
"0001112223","CK",7/25/2023,($59.67),"DEBITCARD: Pharmacy","","Health",$29015.90,"",
"0001112223","CK",7/26/2023,($92.57),"DEBITCARD: Event Tickets","","Entertainment",$28923.33,"",
"0001112223","CK",7/27/2023,($170.34),"DEBITCARD: Grocery Store","","Groceries",$28752.99,"",
"0001112223","CK",7/27/2023,($11.76),"DEBITCARD: Books","","Shopping",$28741.23,"",
"0001112223","CK",7/28/2023,($62.39),"DEBITCARD: Clothing Store","","Shopping",$28678.84,"",
"0001112223","CK",7/28/2023,($69.92),"DEBITCARD: Gas Station","","Gas / Fuel",$28608.92,"",
"0001112223","CK",7/29/2023,($37.24),"DEBITCARD: Pet Supplies","","Pets",$28571.68,"",
"0001112223","CK",7/30/2023,($49.65),"DEBITCARD: Gas Station","","Gas / Fuel",$28522.03,"",
"0001112223","CK",8/1/2023,$3800.00,"ACH:VISTA TECH PAYROLL","","Misc. Income",$32322.03,"",
"0001112223","CK",8/1/2023,($2189.00),"ACH:Redwood Grove RENT","","Mortgage / Rent",$30133.03,"",
"0001112223","CK",8/1/2023,($245.00),"ACH:HEALTH INSURANCE","","Insurance",$29888.03,"",
"0001112223","CK",8/1/2023,($9.37),"DEBITCARD: Streaming Add-on","","Entertainment",$29878.66,"",
"0001112223","CK",8/2/2023,($47.47),"DEBITCARD: Gas Station","","Gas / Fuel",$29831.19,"",
"0001112223","CK",8/2/2023,($142.21),"DEBITCARD: Grocery Store","","Groceries",$29688.98,"",
"0001112223","CK",8/2/2023,($25.93),"DEBITCARD: Books","","Shopping",$29663.05,"",
"0001112223","CK",8/3/2023,($25.68),"DEBITCARD: Ride Share","","Auto & Transport",$29637.37,"",
"0001112223","CK",8/3/2023,($43.19),"DEBITCARD: Pharmacy","","Health",$29594.18,"",
"0001112223","CK",8/4/2023,($38.38),"DEBITCARD: Pet Supplies","","Pets",$29555.80,"",
"0001112223","CK",8/4/2023,($39.06),"DEBITCARD: Hardware Store","","Home",$29516.74,"",
"0001112223","CK",8/4/2023,($40.56),"DEBITCARD: Gas Station","","Gas / Fuel",$29476.18,"",
"0001112223","CK",8/5/2023,($157.06),"DEBITCARD: Event Tickets","","Entertainment",$29319.12,"",
"0001112223","CK",8/5/2023,($59.82),"DEBITCARD: Restaurant","","Food & Drink",$29259.30,"",
"0001112223","CK",8/5/2023,($8.22),"DEBITCARD: Streaming Add-on","","Entertainment",$29251.08,"",
"0001112223","CK",8/6/2023,($425.00),"ACH:AUTO LOAN PAYMENT","","Auto & Transport",$28826.08,"budgeteer:goal=Auto Loan Down-payment",
"0001112223","CK",8/6/2023,($6.67),"DEBITCARD: Coffee Shop","","Food & Drink",$28819.41,"",
"0001112223","CK",8/7/2023,($79.99),"ACH:ISP INTERNET BILL","","Internet",$28739.42,"",
"0001112223","CK",8/7/2023,($39.99),"ACH:GYM MEMBERSHIP","","Health",$28699.43,"",
"0001112223","CK",8/7/2023,($47.10),"DEBITCARD: Restaurant","","Food & Drink",$28652.33,"",
"0001112223","CK",8/9/2023,($19.99),"ACH:STREAMING SUBSCRIPTION","","Entertainment",$28632.34,"",
"0001112223","CK",8/9/2023,($68.00),"ACH:MOBILE PHONE","","Utilities",$28564.34,"",
"0001112223","CK",8/10/2023,($10.57),"DEBITCARD: Streaming Add-on","","Entertainment",$28553.77,"",
"0001112223","CK",8/10/2023,($103.84),"DEBITCARD: Clothing Store","","Shopping",$28449.93,"",
"0001112223","CK",8/11/2023,($210.00),"ACH:STUDENT LOAN SERVICER","","Loans",$28239.93,"",
"0001112223","CK",8/11/2023,$926.44,"ACH:MOONLIGHT GIG","","Misc. Income",$29166.37,"Side work",
"0001112223","CK",8/11/2023,($184.11),"DEBITCARD: Event Tickets","","Entertainment",$28982.26,"",
"0001112223","CK",8/11/2023,($8.99),"DEBITCARD: Coffee Shop","","Food & Drink",$28973.27,"",
"0001112223","CK",8/13/2023,($33.94),"DEBITCARD: Restaurant","","Food & Drink",$28939.33,"",
"0001112223","CK",8/14/2023,($210.07),"ACH:ELECTRIC BILL","","Utilities",$28729.26,"",
"0001112223","CK",8/15/2023,$3800.00,"ACH:VISTA TECH PAYROLL","","Misc. Income",$32529.26,"",
"0001112223","CK",8/15/2023,($7.71),"DEBITCARD: Streaming Add-on","","Entertainment",$32521.55,"",
"0001112223","CK",8/16/2023,($750.00),"Web Branch:TFR TO SV 0001112223","","Transfer",$31771.55,"budgeteer:apply=savings",
"0001112223","CK",8/17/2023,($9.05),"DEBITCARD: Streaming Add-on","","Entertainment",$31762.50,"",
"0001112223","CK",8/18/2023,($26.16),"DEBITCARD: Books","","Shopping",$31736.34,"",
"0001112223","CK",8/19/2023,($20.33),"DEBITCARD: Ride Share","","Auto & Transport",$31716.01,"",
"0001112223","CK",8/24/2023,($39.30),"ACH:WATER BILL","","Utilities",$31676.71,"",
"0001112223","CK",8/24/2023,($20.48),"DEBITCARD: Books","","Shopping",$31656.23,"",
"0001112223","CK",8/24/2023,($7.23),"DEBITCARD: Coffee Shop","","Food & Drink",$31649.00,"",
"0001112223","CK",8/25/2023,($35.45),"DEBITCARD: Gas Station","","Gas / Fuel",$31613.55,"",
"0001112223","CK",8/25/2023,($44.45),"DEBITCARD: Gas Station","","Gas / Fuel",$31569.10,"",
"0001112223","CK",8/25/2023,($28.47),"DEBITCARD: Pet Supplies","","Pets",$31540.63,"",
"0001112223","CK",8/26/2023,($1461.83),"ACH:CREDIT CARD PAYMENT","","Credit Card",$30078.80,"",
"0001112223","CK",8/26/2023,($8.47),"DEBITCARD: Coffee Shop","","Food & Drink",$30070.33,"",
"0001112223","CK",8/27/2023,($66.40),"DEBITCARD: Event Tickets","","Entertainment",$30003.93,"",
"0001112223","CK",8/27/2023,($63.60),"DEBITCARD: Pharmacy","","Health",$29940.33,"",
"0001112223","CK",8/27/2023,($15.23),"DEBITCARD: Ride Share","","Auto & Transport",$29925.10,"",
"0001112223","CK",8/29/2023,($64.45),"DEBITCARD: Gas Station","","Gas / Fuel",$29860.65,"",
"0001112223","CK",8/29/2023,($10.24),"DEBITCARD: Coffee Shop","","Food & Drink",$29850.41,"",
"0001112223","CK",8/30/2023,($9.45),"DEBITCARD: Pharmacy","","Health",$29840.96,"",
"0001112223","CK",9/1/2023,$3800.00,"ACH:VISTA TECH PAYROLL","","Misc. Income",$33640.96,"",
"0001112223","CK",9/1/2023,($2189.00),"ACH:Redwood Grove RENT","","Mortgage / Rent",$31451.96,"",
"0001112223","CK",9/1/2023,($9.36),"DEBITCARD: Coffee Shop","","Food & Drink",$31442.60,"",
"0001112223","CK",9/2/2023,($245.00),"ACH:HEALTH INSURANCE","","Insurance",$31197.60,"",
"0001112223","CK",9/2/2023,($39.21),"DEBITCARD: Gas Station","","Gas / Fuel",$31158.39,"",
"0001112223","CK",9/3/2023,($59.42),"DEBITCARD: Gas Station","","Gas / Fuel",$31098.97,"",
"0001112223","CK",9/5/2023,($425.00),"ACH:AUTO LOAN PAYMENT","","Auto & Transport",$30673.97,"budgeteer:goal=Auto Loan Down-payment",
"0001112223","CK",9/6/2023,$270.69,"ACH:MOONLIGHT GIG","","Misc. Income",$30944.66,"Side work",
"0001112223","CK",9/6/2023,($30.71),"DEBITCARD: Pet Supplies","","Pets",$30913.95,"",
"0001112223","CK",9/7/2023,($79.99),"ACH:ISP INTERNET BILL","","Internet",$30833.96,"",
"0001112223","CK",9/7/2023,($53.09),"DEBITCARD: Pharmacy","","Health",$30780.87,"",
"0001112223","CK",9/7/2023,($16.57),"DEBITCARD: Books","","Shopping",$30764.30,"",
"0001112223","CK",9/8/2023,($39.99),"ACH:GYM MEMBERSHIP","","Health",$30724.31,"",
"0001112223","CK",9/8/2023,($19.99),"ACH:STREAMING SUBSCRIPTION","","Entertainment",$30704.32,"",
"0001112223","CK",9/9/2023,($59.32),"DEBITCARD: Clothing Store","","Shopping",$30645.00,"",
"0001112223","CK",9/10/2023,($199.32),"DEBITCARD: Event Tickets","","Entertainment",$30445.68,"",
"0001112223","CK",9/11/2023,($68.00),"ACH:MOBILE PHONE","","Utilities",$30377.68,"",
"0001112223","CK",9/11/2023,($52.09),"DEBITCARD: Gas Station","","Gas / Fuel",$30325.59,"",
"0001112223","CK",9/11/2023,($109.63),"DEBITCARD: Clothing Store","","Shopping",$30215.96,"",
"0001112223","CK",9/12/2023,($19.60),"DEBITCARD: Ride Share","","Auto & Transport",$30196.36,"",
"0001112223","CK",9/12/2023,($23.64),"DEBITCARD: Books","","Shopping",$30172.72,"",
"0001112223","CK",9/12/2023,($13.44),"DEBITCARD: Books","","Shopping",$30159.28,"",
"0001112223","CK",9/13/2023,($210.00),"ACH:STUDENT LOAN SERVICER","","Loans",$29949.28,"",
"0001112223","CK",9/13/2023,($185.58),"ACH:ELECTRIC BILL","","Utilities",$29763.70,"",
"0001112223","CK",9/14/2023,($5.43),"DEBITCARD: Streaming Add-on","","Entertainment",$29758.27,"",
"0001112223","CK",9/15/2023,$3800.00,"ACH:VISTA TECH PAYROLL","","Misc. Income",$33558.27,"",
"0001112223","CK",9/15/2023,($69.22),"DEBITCARD: Gas Station","","Gas / Fuel",$33489.05,"",
"0001112223","CK",9/16/2023,($750.00),"Web Branch:TFR TO SV 0001112223","","Transfer",$32739.05,"budgeteer:apply=savings",
"0001112223","CK",9/16/2023,($53.21),"DEBITCARD: Hardware Store","","Home",$32685.84,"",
"0001112223","CK",9/17/2023,($53.40),"DEBITCARD: Restaurant","","Food & Drink",$32632.44,"",
"0001112223","CK",9/17/2023,($18.54),"DEBITCARD: Ride Share","","Auto & Transport",$32613.90,"",
"0001112223","CK",9/17/2023,($11.63),"DEBITCARD: Pharmacy","","Health",$32602.27,"",
"0001112223","CK",9/18/2023,($130.28),"DEBITCARD: Event Tickets","","Entertainment",$32471.99,"",
"0001112223","CK",9/18/2023,($20.99),"DEBITCARD: Pet Supplies","","Pets",$32451.00,"",
"0001112223","CK",9/18/2023,($89.66),"DEBITCARD: Grocery Store","","Groceries",$32361.34,"",
"0001112223","CK",9/18/2023,($61.67),"DEBITCARD: Grocery Store","","Groceries",$32299.67,"",
"0001112223","CK",9/19/2023,($58.96),"DEBITCARD: Restaurant","","Food & Drink",$32240.71,"",
"0001112223","CK",9/21/2023,($35.01),"DEBITCARD: Hardware Store","","Home",$32205.70,"",
"0001112223","CK",9/22/2023,($10.10),"DEBITCARD: Books","","Shopping",$32195.60,"",
"0001112223","CK",9/23/2023,($1111.76),"ACH:CREDIT CARD PAYMENT","","Credit Card",$31083.84,"",
"0001112223","CK",9/23/2023,($14.71),"DEBITCARD: Books","","Shopping",$31069.13,"",
"0001112223","CK",9/24/2023,($48.45),"ACH:WATER BILL","","Utilities",$31020.68,"",
"0001112223","CK",9/24/2023,$11.26,"DIVIDEND PAYMENT","","Misc. Income",$31031.94,"",
"0001112223","CK",9/24/2023,($21.45),"DEBITCARD: Pet Supplies","","Pets",$31010.49,"",
"0001112223","CK",9/25/2023,($57.49),"DEBITCARD: Pharmacy","","Health",$30953.00,"",
"0001112223","CK",9/26/2023,($18.76),"DEBITCARD: Pharmacy","","Health",$30934.24,"",
"0001112223","CK",9/26/2023,($34.35),"DEBITCARD: Pet Supplies","","Pets",$30899.89,"",
"0001112223","CK",9/27/2023,($162.78),"DEBITCARD: Event Tickets","","Entertainment",$30737.11,"",
"0001112223","CK",9/28/2023,($43.76),"DEBITCARD: Pharmacy","","Health",$30693.35,"",
"0001112223","CK",9/29/2023,($51.86),"DEBITCARD: Gas Station","","Gas / Fuel",$30641.49,"",
"0001112223","CK",10/1/2023,$3800.00,"ACH:VISTA TECH PAYROLL","","Misc. Income",$34441.49,"",
"0001112223","CK",10/1/2023,($2189.00),"ACH:Redwood Grove RENT","","Mortgage / Rent",$32252.49,"",
"0001112223","CK",10/2/2023,($48.97),"DEBITCARD: Restaurant","","Food & Drink",$32203.52,"",
"0001112223","CK",10/2/2023,($43.41),"DEBITCARD: Gas Station","","Gas / Fuel",$32160.11,"",
"0001112223","CK",10/3/2023,($245.00),"ACH:HEALTH INSURANCE","","Insurance",$31915.11,"",
"0001112223","CK",10/3/2023,($157.03),"DEBITCARD: Event Tickets","","Entertainment",$31758.08,"",
"0001112223","CK",10/4/2023,($425.00),"ACH:AUTO LOAN PAYMENT","","Auto & Transport",$31333.08,"budgeteer:goal=Auto Loan Down-payment",
"0001112223","CK",10/4/2023,($8.89),"DEBITCARD: Streaming Add-on","","Entertainment",$31324.19,"",
"0001112223","CK",10/6/2023,($21.32),"DEBITCARD: Books","","Shopping",$31302.87,"",
"0001112223","CK",10/7/2023,($79.99),"ACH:ISP INTERNET BILL","","Internet",$31222.88,"",
"0001112223","CK",10/7/2023,$434.95,"ACH:MOONLIGHT GIG","","Misc. Income",$31657.83,"Side work",
"0001112223","CK",10/7/2023,($10.32),"DEBITCARD: Streaming Add-on","","Entertainment",$31647.51,"",
"0001112223","CK",10/8/2023,($39.99),"ACH:GYM MEMBERSHIP","","Health",$31607.52,"",
"0001112223","CK",10/8/2023,($44.46),"DEBITCARD: Pharmacy","","Health",$31563.06,"",
"0001112223","CK",10/9/2023,($68.00),"ACH:MOBILE PHONE","","Utilities",$31495.06,"",
"0001112223","CK",10/9/2023,($30.53),"DEBITCARD: Gas Station","","Gas / Fuel",$31464.53,"",
"0001112223","CK",10/9/2023,($39.54),"DEBITCARD: Gas Station","","Gas / Fuel",$31424.99,"",
"0001112223","CK",10/10/2023,($19.99),"ACH:STREAMING SUBSCRIPTION","","Entertainment",$31405.00,"",
"0001112223","CK",10/10/2023,($51.39),"DEBITCARD: Gas Station","","Gas / Fuel",$31353.61,"",
"0001112223","CK",10/10/2023,($13.91),"DEBITCARD: Ride Share","","Auto & Transport",$31339.70,"",
"0001112223","CK",10/10/2023,($212.19),"DEBITCARD: Event Tickets","","Entertainment",$31127.51,"",
"0001112223","CK",10/11/2023,($55.54),"DEBITCARD: Gas Station","","Gas / Fuel",$31071.97,"",
"0001112223","CK",10/12/2023,($210.00),"ACH:STUDENT LOAN SERVICER","","Loans",$30861.97,"",
"0001112223","CK",10/12/2023,($146.08),"ACH:ELECTRIC BILL","","Utilities",$30715.89,"",
"0001112223","CK",10/12/2023,($18.79),"DEBITCARD: Ride Share","","Auto & Transport",$30697.10,"",
"0001112223","CK",10/13/2023,($115.03),"DEBITCARD: Grocery Store","","Groceries",$30582.07,"",
"0001112223","CK",10/13/2023,($49.14),"DEBITCARD: Restaurant","","Food & Drink",$30532.93,"",
"0001112223","CK",10/15/2023,$3800.00,"ACH:VISTA TECH PAYROLL","","Misc. Income",$34332.93,"",
"0001112223","CK",10/15/2023,($750.00),"Web Branch:TFR TO SV 0001112223","","Transfer",$33582.93,"budgeteer:apply=savings",
"0001112223","CK",10/15/2023,($37.44),"DEBITCARD: Hardware Store","","Home",$33545.49,"",
"0001112223","CK",10/17/2023,($10.91),"DEBITCARD: Streaming Add-on","","Entertainment",$33534.58,"",
"0001112223","CK",10/17/2023,($17.11),"DEBITCARD: Pet Supplies","","Pets",$33517.47,"",
"0001112223","CK",10/17/2023,($30.35),"DEBITCARD: Books","","Shopping",$33487.12,"",
"0001112223","CK",10/17/2023,($23.47),"DEBITCARD: Pet Supplies","","Pets",$33463.65,"",
"0001112223","CK",10/19/2023,$411.29,"ACH:MOONLIGHT GIG","","Misc. Income",$33874.94,"Side work",
"0001112223","CK",10/19/2023,($29.45),"DEBITCARD: Hardware Store","","Home",$33845.49,"",
"0001112223","CK",10/20/2023,($23.38),"DEBITCARD: Pet Supplies","","Pets",$33822.11,"",
"0001112223","CK",10/20/2023,($145.64),"DEBITCARD: Grocery Store","","Groceries",$33676.47,"",
"0001112223","CK",10/20/2023,($90.69),"DEBITCARD: Grocery Store","","Groceries",$33585.78,"",
"0001112223","CK",10/21/2023,($7.25),"DEBITCARD: Coffee Shop","","Food & Drink",$33578.53,"",
"0001112223","CK",10/21/2023,($53.44),"DEBITCARD: Gas Station","","Gas / Fuel",$33525.09,"",
"0001112223","CK",10/22/2023,($7.15),"DEBITCARD: Coffee Shop","","Food & Drink",$33517.94,"",
"0001112223","CK",10/23/2023,($44.60),"ACH:WATER BILL","","Utilities",$33473.34,"",
"0001112223","CK",10/24/2023,($67.59),"DEBITCARD: Gas Station","","Gas / Fuel",$33405.75,"",
"0001112223","CK",10/25/2023,($761.69),"ACH:CREDIT CARD PAYMENT","","Credit Card",$32644.06,"",
"0001112223","CK",10/27/2023,($98.74),"DEBITCARD: Clothing Store","","Shopping",$32545.32,"",
"0001112223","CK",10/28/2023,($59.49),"DEBITCARD: Pharmacy","","Health",$32485.83,"",
"0001112223","CK",10/29/2023,($35.12),"DEBITCARD: Pet Supplies","","Pets",$32450.71,"",
"0001112223","CK",10/30/2023,($39.41),"DEBITCARD: Hardware Store","","Home",$32411.30,"",
"0001112223","CK",10/30/2023,($159.47),"DEBITCARD: Grocery Store","","Groceries",$32251.83,"",
"0001112223","CK",11/1/2023,$3800.00,"ACH:VISTA TECH PAYROLL","","Misc. Income",$36051.83,"",
"0001112223","CK",11/1/2023,($23.11),"DEBITCARD: Books","","Shopping",$36028.72,"",
"0001112223","CK",11/1/2023,($26.94),"DEBITCARD: Clothing Store","","Shopping",$36001.78,"",
"0001112223","CK",11/2/2023,($2189.00),"ACH:Redwood Grove RENT","","Mortgage / Rent",$33812.78,"",
"0001112223","CK",11/2/2023,($245.00),"ACH:HEALTH INSURANCE","","Insurance",$33567.78,"",
"0001112223","CK",11/2/2023,($29.93),"DEBITCARD: Books","","Shopping",$33537.85,"",
"0001112223","CK",11/2/2023,($58.09),"DEBITCARD: Hardware Store","","Home",$33479.76,"",
"0001112223","CK",11/3/2023,($39.06),"DEBITCARD: Pet Supplies","","Pets",$33440.70,"",
"0001112223","CK",11/5/2023,($6.96),"DEBITCARD: Streaming Add-on","","Entertainment",$33433.74,"",
"0001112223","CK",11/6/2023,($425.00),"ACH:AUTO LOAN PAYMENT","","Auto & Transport",$33008.74,"budgeteer:goal=Auto Loan Down-payment",
"0001112223","CK",11/6/2023,($11.39),"DEBITCARD: Streaming Add-on","","Entertainment",$32997.35,"",
"0001112223","CK",11/6/2023,($18.21),"DEBITCARD: Pharmacy","","Health",$32979.14,"",
"0001112223","CK",11/6/2023,($71.89),"DEBITCARD: Hardware Store","","Home",$32907.25,"",
"0001112223","CK",11/7/2023,($79.99),"ACH:ISP INTERNET BILL","","Internet",$32827.26,"",
"0001112223","CK",11/8/2023,$599.20,"ACH:MOONLIGHT GIG","","Misc. Income",$33426.46,"Side work",
"0001112223","CK",11/8/2023,($31.53),"DEBITCARD: Gas Station","","Gas / Fuel",$33394.93,"",
"0001112223","CK",11/8/2023,($9.57),"DEBITCARD: Ride Share","","Auto & Transport",$33385.36,"",
"0001112223","CK",11/9/2023,($39.99),"ACH:GYM MEMBERSHIP","","Health",$33345.37,"",
"0001112223","CK",11/9/2023,($19.99),"ACH:STREAMING SUBSCRIPTION","","Entertainment",$33325.38,"",
"0001112223","CK",11/9/2023,($72.84),"DEBITCARD: Event Tickets","","Entertainment",$33252.54,"",
"0001112223","CK",11/11/2023,($68.00),"ACH:MOBILE PHONE","","Utilities",$33184.54,"",
"0001112223","CK",11/11/2023,($210.00),"ACH:STUDENT LOAN SERVICER","","Loans",$32974.54,"",
"0001112223","CK",11/11/2023,($121.58),"ACH:ELECTRIC BILL","","Utilities",$32852.96,"",
"0001112223","CK",11/11/2023,($40.51),"DEBITCARD: Restaurant","","Food & Drink",$32812.45,"",
"0001112223","CK",11/12/2023,($8.02),"DEBITCARD: Coffee Shop","","Food & Drink",$32804.43,"",
"0001112223","CK",11/12/2023,($133.01),"DEBITCARD: Clothing Store","","Shopping",$32671.42,"",
"0001112223","CK",11/13/2023,($17.71),"DEBITCARD: Books","","Shopping",$32653.71,"",
"0001112223","CK",11/13/2023,($21.37),"DEBITCARD: Books","","Shopping",$32632.34,"",
"0001112223","CK",11/15/2023,$3800.00,"ACH:VISTA TECH PAYROLL","","Misc. Income",$36432.34,"",
"0001112223","CK",11/15/2023,($750.00),"Web Branch:TFR TO SV 0001112223","","Transfer",$35682.34,"budgeteer:apply=savings",
"0001112223","CK",11/15/2023,($656.76),"DEBITCARD: Medical Bill","","Health",$35025.58,"",
"0001112223","CK",11/15/2023,($58.81),"DEBITCARD: Restaurant","","Food & Drink",$34966.77,"",
"0001112223","CK",11/16/2023,($34.45),"DEBITCARD: Clothing Store","","Shopping",$34932.32,"",
"0001112223","CK",11/16/2023,($7.83),"DEBITCARD: Streaming Add-on","","Entertainment",$34924.49,"",
"0001112223","CK",11/17/2023,($12.78),"DEBITCARD: Ride Share","","Auto & Transport",$34911.71,"",
"0001112223","CK",11/18/2023,($51.04),"DEBITCARD: Restaurant","","Food & Drink",$34860.67,"",
"0001112223","CK",11/18/2023,($34.50),"DEBITCARD: Restaurant","","Food & Drink",$34826.17,"",
"0001112223","CK",11/19/2023,($6.65),"DEBITCARD: Coffee Shop","","Food & Drink",$34819.52,"",
"0001112223","CK",11/21/2023,($48.19),"DEBITCARD: Restaurant","","Food & Drink",$34771.33,"",
"0001112223","CK",11/21/2023,($74.09),"DEBITCARD: Gas Station","","Gas / Fuel",$34697.24,"",
"0001112223","CK",11/22/2023,($40.74),"ACH:WATER BILL","","Utilities",$34656.50,"",
"0001112223","CK",11/22/2023,($190.54),"DEBITCARD: Event Tickets","","Entertainment",$34465.96,"",
"0001112223","CK",11/25/2023,($21.81),"DEBITCARD: Books","","Shopping",$34444.15,"",
"0001112223","CK",11/26/2023,($1611.61),"ACH:CREDIT CARD PAYMENT","","Credit Card",$32832.54,"",
"0001112223","CK",11/27/2023,($7.23),"DEBITCARD: Coffee Shop","","Food & Drink",$32825.31,"",
"0001112223","CK",11/27/2023,($23.53),"DEBITCARD: Books","","Shopping",$32801.78,"",
"0001112223","CK",11/28/2023,($7.44),"DEBITCARD: Coffee Shop","","Food & Drink",$32794.34,"",
"0001112223","CK",11/29/2023,($59.79),"DEBITCARD: Hardware Store","","Home",$32734.55,"",
"0001112223","CK",11/29/2023,($82.59),"DEBITCARD: Event Tickets","","Entertainment",$32651.96,"",
"0001112223","CK",11/30/2023,($118.80),"DEBITCARD: Event Tickets","","Entertainment",$32533.16,"",
"0001112223","CK",12/1/2023,$3800.00,"ACH:VISTA TECH PAYROLL","","Misc. Income",$36333.16,"",
"0001112223","CK",12/2/2023,($2189.00),"ACH:Redwood Grove RENT","","Mortgage / Rent",$34144.16,"",
"0001112223","CK",12/3/2023,($245.00),"ACH:HEALTH INSURANCE","","Insurance",$33899.16,"",
"0001112223","CK",12/3/2023,($180.35),"DEBITCARD: Grocery Store","","Groceries",$33718.81,"",
"0001112223","CK",12/5/2023,($425.00),"ACH:AUTO LOAN PAYMENT","","Auto & Transport",$33293.81,"budgeteer:goal=Auto Loan Down-payment",
"0001112223","CK",12/5/2023,($79.99),"ACH:ISP INTERNET BILL","","Internet",$33213.82,"",
"0001112223","CK",12/6/2023,($56.16),"DEBITCARD: Pharmacy","","Health",$33157.66,"",
"0001112223","CK",12/8/2023,($49.20),"DEBITCARD: Hardware Store","","Home",$33108.46,"",
"0001112223","CK",12/9/2023,($39.99),"ACH:GYM MEMBERSHIP","","Health",$33068.47,"",
"0001112223","CK",12/9/2023,($19.99),"ACH:STREAMING SUBSCRIPTION","","Entertainment",$33048.48,"",
"0001112223","CK",12/9/2023,($68.00),"ACH:MOBILE PHONE","","Utilities",$32980.48,"",
"0001112223","CK",12/9/2023,$763.46,"ACH:MOONLIGHT GIG","","Misc. Income",$33743.94,"Side work",
"0001112223","CK",12/9/2023,($15.83),"DEBITCARD: Restaurant","","Food & Drink",$33728.11,"",
"0001112223","CK",12/10/2023,($25.81),"DEBITCARD: Pet Supplies","","Pets",$33702.30,"",
"0001112223","CK",12/11/2023,($40.59),"DEBITCARD: Hardware Store","","Home",$33661.71,"",
"0001112223","CK",12/12/2023,($28.61),"DEBITCARD: Books","","Shopping",$33633.10,"",
"0001112223","CK",12/13/2023,($210.00),"ACH:STUDENT LOAN SERVICER","","Loans",$33423.10,"",
"0001112223","CK",12/14/2023,($10.42),"DEBITCARD: Pharmacy","","Health",$33412.68,"",
"0001112223","CK",12/15/2023,$3800.00,"ACH:VISTA TECH PAYROLL","","Misc. Income",$37212.68,"",
"0001112223","CK",12/15/2023,($172.08),"ACH:ELECTRIC BILL","","Utilities",$37040.60,"",
"0001112223","CK",12/15/2023,($77.53),"DEBITCARD: Clothing Store","","Shopping",$36963.07,"",
"0001112223","CK",12/15/2023,($5.37),"DEBITCARD: Streaming Add-on","","Entertainment",$36957.70,"",
"0001112223","CK",12/16/2023,($45.67),"DEBITCARD: Pharmacy","","Health",$36912.03,"",
"0001112223","CK",12/16/2023,($10.09),"DEBITCARD: Streaming Add-on","","Entertainment",$36901.94,"",
"0001112223","CK",12/17/2023,($750.00),"Web Branch:TFR TO SV 0001112223","","Transfer",$36151.94,"budgeteer:apply=savings",
"0001112223","CK",12/17/2023,($6.04),"DEBITCARD: Coffee Shop","","Food & Drink",$36145.90,"",
"0001112223","CK",12/19/2023,($7.09),"DEBITCARD: Coffee Shop","","Food & Drink",$36138.81,"",
"0001112223","CK",12/19/2023,($8.91),"DEBITCARD: Coffee Shop","","Food & Drink",$36129.90,"",
"0001112223","CK",12/20/2023,($7.56),"DEBITCARD: Streaming Add-on","","Entertainment",$36122.34,"",
"0001112223","CK",12/20/2023,($25.58),"DEBITCARD: Pet Supplies","","Pets",$36096.76,"",
"0001112223","CK",12/20/2023,($41.08),"DEBITCARD: Restaurant","","Food & Drink",$36055.68,"",
"0001112223","CK",12/21/2023,($49.89),"ACH:WATER BILL","","Utilities",$36005.79,"",
"0001112223","CK",12/21/2023,($46.03),"DEBITCARD: Pet Supplies","","Pets",$35959.76,"",
"0001112223","CK",12/21/2023,($43.14),"DEBITCARD: Pet Supplies","","Pets",$35916.62,"",
"0001112223","CK",12/22/2023,($8.53),"DEBITCARD: Streaming Add-on","","Entertainment",$35908.09,"",
"0001112223","CK",12/22/2023,($42.44),"DEBITCARD: Clothing Store","","Shopping",$35865.65,"",
"0001112223","CK",12/23/2023,($1261.54),"ACH:CREDIT CARD PAYMENT","","Credit Card",$34604.11,"",
"0001112223","CK",12/23/2023,($18.01),"DEBITCARD: Books","","Shopping",$34586.10,"",
"0001112223","CK",12/23/2023,($13.37),"DEBITCARD: Ride Share","","Auto & Transport",$34572.73,"",
"0001112223","CK",12/23/2023,($9.17),"DEBITCARD: Streaming Add-on","","Entertainment",$34563.56,"",
"0001112223","CK",12/24/2023,$503.49,"ACH:MOONLIGHT GIG","","Misc. Income",$35067.05,"Side work",
"0001112223","CK",12/24/2023,($60.52),"DEBITCARD: Gas Station","","Gas / Fuel",$35006.53,"",
"0001112223","CK",12/24/2023,($55.71),"DEBITCARD: Pharmacy","","Health",$34950.82,"",
"0001112223","CK",12/26/2023,($30.59),"DEBITCARD: Restaurant","","Food & Drink",$34920.23,"",
"0001112223","CK",12/27/2023,($14.51),"DEBITCARD: Ride Share","","Auto & Transport",$34905.72,"",
"0001112223","CK",12/28/2023,$11.47,"DIVIDEND PAYMENT","","Misc. Income",$34917.19,"",
"0001112223","CK",12/28/2023,($22.04),"DEBITCARD: Ride Share","","Auto & Transport",$34895.15,"",
"0001112223","CK",12/30/2023,($42.00),"DEBITCARD: Pharmacy","","Health",$34853.15,"",
"0001112223","CK",12/30/2023,($80.61),"DEBITCARD: Event Tickets","","Entertainment",$34772.54,"",
"0001112223","CK",12/31/2023,($46.26),"DEBITCARD: Pharmacy","","Health",$34726.28,"",
"0001112223","CK",1/1/2024,$3800.00,"ACH:VISTA TECH PAYROLL","","Misc. Income",$38526.28,"",
"0001112223","CK",1/1/2024,($42.51),"DEBITCARD: Pharmacy","","Health",$38483.77,"",
"0001112223","CK",1/1/2024,($11.12),"DEBITCARD: Streaming Add-on","","Entertainment",$38472.65,"",
"0001112223","CK",1/2/2024,($2189.00),"ACH:Redwood Grove RENT","","Mortgage / Rent",$36283.65,"",
"0001112223","CK",1/2/2024,($245.00),"ACH:HEALTH INSURANCE","","Insurance",$36038.65,"",
"0001112223","CK",1/5/2024,($425.00),"ACH:AUTO LOAN PAYMENT","","Auto & Transport",$35613.65,"budgeteer:goal=Auto Loan Down-payment",
"0001112223","CK",1/5/2024,($79.99),"ACH:ISP INTERNET BILL","","Internet",$35533.66,"",
"0001112223","CK",1/5/2024,($24.11),"DEBITCARD: Ride Share","","Auto & Transport",$35509.55,"",
"0001112223","CK",1/6/2024,($20.48),"DEBITCARD: Restaurant","","Food & Drink",$35489.07,"",
"0001112223","CK",1/6/2024,($20.48),"DEBITCARD: Pet Supplies","","Pets",$35468.59,"",
"0001112223","CK",1/7/2024,($39.99),"ACH:GYM MEMBERSHIP","","Health",$35428.60,"",
"0001112223","CK",1/7/2024,($1179.24),"DEBITCARD: Airline","","Travel",$34249.36,"",
"0001112223","CK",1/7/2024,($15.59),"DEBITCARD: Ride Share","","Auto & Transport",$34233.77,"",
"0001112223","CK",1/7/2024,($33.39),"DEBITCARD: Restaurant","","Food & Drink",$34200.38,"",
"0001112223","CK",1/8/2024,($19.99),"ACH:STREAMING SUBSCRIPTION","","Entertainment",$34180.39,"",
"0001112223","CK",1/8/2024,($15.73),"DEBITCARD: Pet Supplies","","Pets",$34164.66,"",
"0001112223","CK",1/9/2024,($40.31),"DEBITCARD: Pharmacy","","Health",$34124.35,"",
"0001112223","CK",1/10/2024,($68.00),"ACH:MOBILE PHONE","","Utilities",$34056.35,"",
"0001112223","CK",1/10/2024,$927.71,"ACH:MOONLIGHT GIG","","Misc. Income",$34984.06,"Side work",
"0001112223","CK",1/11/2024,($48.54),"DEBITCARD: Restaurant","","Food & Drink",$34935.52,"",
"0001112223","CK",1/11/2024,($33.44),"DEBITCARD: Pet Supplies","","Pets",$34902.08,"",
"0001112223","CK",1/12/2024,($210.00),"ACH:STUDENT LOAN SERVICER","","Loans",$34692.08,"",
"0001112223","CK",1/12/2024,($4.30),"DEBITCARD: Coffee Shop","","Food & Drink",$34687.78,"",
"0001112223","CK",1/12/2024,($40.79),"DEBITCARD: Pharmacy","","Health",$34646.99,"",
"0001112223","CK",1/12/2024,($191.64),"DEBITCARD: Grocery Store","","Groceries",$34455.35,"",
"0001112223","CK",1/13/2024,($3.73),"DEBITCARD: Coffee Shop","","Food & Drink",$34451.62,"",
"0001112223","CK",1/14/2024,($187.58),"ACH:ELECTRIC BILL","","Utilities",$34264.04,"",
"0001112223","CK",1/15/2024,$3800.00,"ACH:VISTA TECH PAYROLL","","Misc. Income",$38064.04,"",
"0001112223","CK",1/15/2024,($40.70),"DEBITCARD: Pharmacy","","Health",$38023.34,"",
"0001112223","CK",1/17/2024,($750.00),"Web Branch:TFR TO SV 0001112223","","Transfer",$37273.34,"budgeteer:apply=savings",
"0001112223","CK",1/17/2024,($182.15),"DEBITCARD: Grocery Store","","Groceries",$37091.19,"",
"0001112223","CK",1/18/2024,($65.89),"DEBITCARD: Gas Station","","Gas / Fuel",$37025.30,"",
"0001112223","CK",1/18/2024,($5.65),"DEBITCARD: Streaming Add-on","","Entertainment",$37019.65,"",
"0001112223","CK",1/19/2024,($35.29),"DEBITCARD: Pharmacy","","Health",$36984.36,"",
"0001112223","CK",1/20/2024,($26.27),"DEBITCARD: Ride Share","","Auto & Transport",$36958.09,"",
"0001112223","CK",1/21/2024,($46.04),"ACH:WATER BILL","","Utilities",$36912.05,"",
"0001112223","CK",1/23/2024,($18.14),"DEBITCARD: Ride Share","","Auto & Transport",$36893.91,"",
"0001112223","CK",1/24/2024,($911.47),"ACH:CREDIT CARD PAYMENT","","Credit Card",$35982.44,"",
"0001112223","CK",1/24/2024,($41.70),"DEBITCARD: Event Tickets","","Entertainment",$35940.74,"",
"0001112223","CK",1/24/2024,($61.37),"DEBITCARD: Clothing Store","","Shopping",$35879.37,"",
"0001112223","CK",1/24/2024,($20.50),"DEBITCARD: Books","","Shopping",$35858.87,"",
"0001112223","CK",1/26/2024,($21.14),"DEBITCARD: Books","","Shopping",$35837.73,"",
"0001112223","CK",1/27/2024,($64.08),"DEBITCARD: Clothing Store","","Shopping",$35773.65,"",
"0001112223","CK",1/27/2024,($16.54),"DEBITCARD: Ride Share","","Auto & Transport",$35757.11,"",
"0001112223","CK",1/27/2024,($48.71),"DEBITCARD: Pharmacy","","Health",$35708.40,"",
"0001112223","CK",1/29/2024,($63.97),"DEBITCARD: Hardware Store","","Home",$35644.43,"",
"0001112223","CK",1/30/2024,($15.62),"DEBITCARD: Ride Share","","Auto & Transport",$35628.81,"",
"0001112223","CK",1/30/2024,($37.05),"DEBITCARD: Pharmacy","","Health",$35591.76,"",
"0001112223","CK",1/31/2024,($46.23),"DEBITCARD: Hardware Store","","Home",$35545.53,"",
"0001112223","CK",1/31/2024,($15.10),"DEBITCARD: Books","","Shopping",$35530.43,"",
"0001112223","CK",2/1/2024,$3800.00,"ACH:VISTA TECH PAYROLL","","Misc. Income",$39330.43,"",
"0001112223","CK",2/1/2024,($24.50),"DEBITCARD: Pharmacy","","Health",$39305.93,"",
"0001112223","CK",2/1/2024,($155.81),"DEBITCARD: Grocery Store","","Groceries",$39150.12,"",
"0001112223","CK",2/2/2024,($2189.00),"ACH:Redwood Grove RENT","","Mortgage / Rent",$36961.12,"",
"0001112223","CK",2/3/2024,($245.00),"ACH:HEALTH INSURANCE","","Insurance",$36716.12,"",
"0001112223","CK",2/3/2024,($98.54),"DEBITCARD: Clothing Store","","Shopping",$36617.58,"",
"0001112223","CK",2/4/2024,($425.00),"ACH:AUTO LOAN PAYMENT","","Auto & Transport",$36192.58,"budgeteer:goal=Auto Loan Down-payment",
"0001112223","CK",2/4/2024,($37.50),"DEBITCARD: Pet Supplies","","Pets",$36155.08,"",
"0001112223","CK",2/4/2024,($10.73),"DEBITCARD: Streaming Add-on","","Entertainment",$36144.35,"",
"0001112223","CK",2/4/2024,($158.35),"DEBITCARD: Grocery Store","","Groceries",$35986.00,"",
"0001112223","CK",2/5/2024,($79.99),"ACH:ISP INTERNET BILL","","Internet",$35906.01,"",
"0001112223","CK",2/5/2024,($78.84),"DEBITCARD: Event Tickets","","Entertainment",$35827.17,"",
"0001112223","CK",2/6/2024,($212.81),"DEBITCARD: Event Tickets","","Entertainment",$35614.36,"",
"0001112223","CK",2/6/2024,($7.57),"DEBITCARD: Streaming Add-on","","Entertainment",$35606.79,"",
"0001112223","CK",2/6/2024,($18.83),"DEBITCARD: Pet Supplies","","Pets",$35587.96,"",
"0001112223","CK",2/7/2024,($39.99),"ACH:GYM MEMBERSHIP","","Health",$35547.97,"",
"0001112223","CK",2/7/2024,($26.49),"DEBITCARD: Ride Share","","Auto & Transport",$35521.48,"",
"0001112223","CK",2/9/2024,($68.00),"ACH:MOBILE PHONE","","Utilities",$35453.48,"",
"0001112223","CK",2/9/2024,($91.12),"DEBITCARD: Event Tickets","","Entertainment",$35362.36,"",
"0001112223","CK",2/10/2024,($19.99),"ACH:STREAMING SUBSCRIPTION","","Entertainment",$35342.37,"",
"0001112223","CK",2/10/2024,($85.54),"DEBITCARD: Grocery Store","","Groceries",$35256.83,"",
"0001112223","CK",2/10/2024,($3.77),"DEBITCARD: Coffee Shop","","Food & Drink",$35253.06,"",
"0001112223","CK",2/11/2024,$271.97,"ACH:MOONLIGHT GIG","","Misc. Income",$35525.03,"Side work",
"0001112223","CK",2/11/2024,($102.59),"DEBITCARD: Grocery Store","","Groceries",$35422.44,"",
"0001112223","CK",2/11/2024,($123.11),"DEBITCARD: Grocery Store","","Groceries",$35299.33,"",
"0001112223","CK",2/12/2024,($210.00),"ACH:STUDENT LOAN SERVICER","","Loans",$35089.33,"",
"0001112223","CK",2/12/2024,($9.32),"DEBITCARD: Ride Share","","Auto & Transport",$35080.01,"",
"0001112223","CK",2/13/2024,($163.09),"ACH:ELECTRIC BILL","","Utilities",$34916.92,"",
"0001112223","CK",2/14/2024,($9.16),"DEBITCARD: Books","","Shopping",$34907.76,"",
"0001112223","CK",2/14/2024,($207.19),"DEBITCARD: Grocery Store","","Groceries",$34700.57,"",
"0001112223","CK",2/15/2024,$3800.00,"ACH:VISTA TECH PAYROLL","","Misc. Income",$38500.57,"",
"0001112223","CK",2/16/2024,($750.00),"Web Branch:TFR TO SV 0001112223","","Transfer",$37750.57,"budgeteer:apply=savings",
"0001112223","CK",2/17/2024,($207.91),"DEBITCARD: Grocery Store","","Groceries",$37542.66,"budgeteer:category=Food",
"0001112223","CK",2/18/2024,($10.06),"DEBITCARD: Streaming Add-on","","Entertainment",$37532.60,"",
"0001112223","CK",2/18/2024,($212.26),"DEBITCARD: Event Tickets","","Entertainment",$37320.34,"",
"0001112223","CK",2/18/2024,($190.87),"DEBITCARD: Grocery Store","","Groceries",$37129.47,"",
"0001112223","CK",2/20/2024,($42.19),"ACH:WATER BILL","","Utilities",$37087.28,"",
"0001112223","CK",2/20/2024,($36.21),"DEBITCARD: Event Tickets","","Entertainment",$37051.07,"",
"0001112223","CK",2/21/2024,($20.44),"DEBITCARD: Hardware Store","","Home",$37030.63,"",
"0001112223","CK",2/22/2024,($17.78),"DEBITCARD: Books","","Shopping",$37012.85,"",
"0001112223","CK",2/22/2024,($60.86),"DEBITCARD: Gas Station","","Gas / Fuel",$36951.99,"",
"0001112223","CK",2/25/2024,($32.89),"DEBITCARD: Pharmacy","","Health",$36919.10,"",
"0001112223","CK",2/25/2024,($15.32),"DEBITCARD: Ride Share","","Auto & Transport",$36903.78,"",
"0001112223","CK",2/26/2024,($1761.39),"ACH:CREDIT CARD PAYMENT","","Credit Card",$35142.39,"",
"0001112223","CK",2/27/2024,($25.05),"DEBITCARD: Ride Share","","Auto & Transport",$35117.34,"",
"0001112223","CK",2/28/2024,$12.99,"DIVIDEND PAYMENT","","Misc. Income",$35130.33,"",
"0001112223","CK",2/28/2024,($121.80),"DEBITCARD: Grocery Store","","Groceries",$35008.53,"",
"0001112223","CK",2/28/2024,($5.52),"DEBITCARD: Streaming Add-on","","Entertainment",$35003.01,"",
"0001112223","CK",2/29/2024,($145.73),"DEBITCARD: Event Tickets","","Entertainment",$34857.28,"",
"0001112223","CK",2/29/2024,($65.74),"DEBITCARD: Gas Station","","Gas / Fuel",$34791.54,"",
"0001112223","CK",3/1/2024,$3800.00,"ACH:VISTA TECH PAYROLL","","Misc. Income",$38591.54,"",
"0001112223","CK",3/1/2024,($245.00),"ACH:HEALTH INSURANCE","","Insurance",$38346.54,"",
"0001112223","CK",3/1/2024,($49.03),"DEBITCARD: Gas Station","","Gas / Fuel",$38297.51,"",
"0001112223","CK",3/1/2024,($129.20),"DEBITCARD: Clothing Store","","Shopping",$38168.31,"",
"0001112223","CK",3/2/2024,($2189.00),"ACH:Redwood Grove RENT","","Mortgage / Rent",$35979.31,"",
"0001112223","CK",3/3/2024,($78.13),"DEBITCARD: Clothing Store","","Shopping",$35901.18,"",
"0001112223","CK",3/3/2024,($16.88),"DEBITCARD: Ride Share","","Auto & Transport",$35884.30,"",
"0001112223","CK",3/3/2024,($106.25),"DEBITCARD: Event Tickets","","Entertainment",$35778.05,"",
"0001112223","CK",3/4/2024,($11.29),"DEBITCARD: Streaming Add-on","","Entertainment",$35766.76,"",
"0001112223","CK",3/5/2024,($79.99),"ACH:ISP INTERNET BILL","","Internet",$35686.77,"",
"0001112223","CK",3/5/2024,($5.50),"DEBITCARD: Streaming Add-on","","Entertainment",$35681.27,"",
"0001112223","CK",3/6/2024,($425.00),"ACH:AUTO LOAN PAYMENT","","Auto & Transport",$35256.27,"budgeteer:goal=Auto Loan Down-payment",
"0001112223","CK",3/6/2024,($11.83),"DEBITCARD: Streaming Add-on","","Entertainment",$35244.44,"",
"0001112223","CK",3/7/2024,($23.26),"DEBITCARD: Hardware Store","","Home",$35221.18,"",
"0001112223","CK",3/7/2024,($103.65),"DEBITCARD: Grocery Store","","Groceries",$35117.53,"",
"0001112223","CK",3/8/2024,($39.99),"ACH:GYM MEMBERSHIP","","Health",$35077.54,"",
"0001112223","CK",3/8/2024,($22.46),"DEBITCARD: Hardware Store","","Home",$35055.08,"",
"0001112223","CK",3/9/2024,($19.99),"ACH:STREAMING SUBSCRIPTION","","Entertainment",$35035.09,"",
"0001112223","CK",3/9/2024,($9.51),"DEBITCARD: Coffee Shop","","Food & Drink",$35025.58,"",
"0001112223","CK",3/9/2024,($5.47),"DEBITCARD: Coffee Shop","","Food & Drink",$35020.11,"",
"0001112223","CK",3/9/2024,($9.01),"DEBITCARD: Coffee Shop","","Food & Drink",$35011.10,"",
"0001112223","CK",3/10/2024,($68.00),"ACH:MOBILE PHONE","","Utilities",$34943.10,"",
"0001112223","CK",3/11/2024,($210.00),"ACH:STUDENT LOAN SERVICER","","Loans",$34733.10,"",
"0001112223","CK",3/11/2024,($19.25),"DEBITCARD: Restaurant","","Food & Drink",$34713.85,"",
"0001112223","CK",3/11/2024,($94.76),"DEBITCARD: Event Tickets","","Entertainment",$34619.09,"",
"0001112223","CK",3/12/2024,($143.59),"ACH:ELECTRIC BILL","","Utilities",$34475.50,"",
"0001112223","CK",3/12/2024,($30.75),"DEBITCARD: Pharmacy","","Health",$34444.75,"",
"0001112223","CK",3/12/2024,($14.39),"DEBITCARD: Ride Share","","Auto & Transport",$34430.36,"",
"0001112223","CK",3/13/2024,($8.79),"DEBITCARD: Coffee Shop","","Food & Drink",$34421.57,"",
"0001112223","CK",3/15/2024,$3800.00,"ACH:VISTA TECH PAYROLL","","Misc. Income",$38221.57,"",
"0001112223","CK",3/15/2024,($26.90),"DEBITCARD: Pet Supplies","","Pets",$38194.67,"",
"0001112223","CK",3/16/2024,($750.00),"Web Branch:TFR TO SV 0001112223","","Transfer",$37444.67,"budgeteer:apply=savings",
"0001112223","CK",3/17/2024,($196.13),"DEBITCARD: Event Tickets","","Entertainment",$37248.54,"",
"0001112223","CK",3/17/2024,($9.70),"DEBITCARD: Coffee Shop","","Food & Drink",$37238.84,"",
"0001112223","CK",3/18/2024,($189.14),"DEBITCARD: Grocery Store","","Groceries",$37049.70,"",
"0001112223","CK",3/19/2024,($70.77),"DEBITCARD: Hardware Store","","Home",$36978.93,"",
"0001112223","CK",3/20/2024,($17.31),"DEBITCARD: Ride Share","","Auto & Transport",$36961.62,"",
"0001112223","CK",3/22/2024,($32.24),"DEBITCARD: Books","","Shopping",$36929.38,"",
"0001112223","CK",3/23/2024,($1411.32),"ACH:CREDIT CARD PAYMENT","","Credit Card",$35518.06,"",
"0001112223","CK",3/23/2024,($17.59),"DEBITCARD: Pet Supplies","","Pets",$35500.47,"",
"0001112223","CK",3/23/2024,($9.11),"DEBITCARD: Coffee Shop","","Food & Drink",$35491.36,"",
"0001112223","CK",3/24/2024,($38.34),"ACH:WATER BILL","","Utilities",$35453.02,"",
"0001112223","CK",3/26/2024,($41.90),"DEBITCARD: Gas Station","","Gas / Fuel",$35411.12,"",
"0001112223","CK",3/27/2024,($646.77),"DEBITCARD: Medical Bill","","Health",$34764.35,"",
"0001112223","CK",3/27/2024,($42.29),"DEBITCARD: Gas Station","","Gas / Fuel",$34722.06,"",
"0001112223","CK",3/28/2024,($42.77),"DEBITCARD: Restaurant","","Food & Drink",$34679.29,"",
"0001112223","CK",3/28/2024,($44.86),"DEBITCARD: Event Tickets","","Entertainment",$34634.43,"",
"0001112223","CK",3/30/2024,($37.77),"DEBITCARD: Gas Station","","Gas / Fuel",$34596.66,"",
"0001112223","CK",3/31/2024,($24.28),"DEBITCARD: Pet Supplies","","Pets",$34572.38,"",
"0001112223","CK",3/31/2024,($31.16),"DEBITCARD: Pet Supplies","","Pets",$34541.22,"",
"0001112223","CK",4/1/2024,$3800.00,"ACH:VISTA TECH PAYROLL","","Misc. Income",$38341.22,"",
"0001112223","CK",4/2/2024,($2189.00),"ACH:Redwood Grove RENT","","Mortgage / Rent",$36152.22,"",
"0001112223","CK",4/2/2024,($8.80),"DEBITCARD: Streaming Add-on","","Entertainment",$36143.42,"",
"0001112223","CK",4/3/2024,($245.00),"ACH:HEALTH INSURANCE","","Insurance",$35898.42,"",
"0001112223","CK",4/3/2024,($8.23),"DEBITCARD: Coffee Shop","","Food & Drink",$35890.19,"",
"0001112223","CK",4/3/2024,($110.83),"DEBITCARD: Clothing Store","","Shopping",$35779.36,"",
"0001112223","CK",4/3/2024,($10.12),"DEBITCARD: Streaming Add-on","","Entertainment",$35769.24,"",
"0001112223","CK",4/4/2024,($50.39),"DEBITCARD: Restaurant","","Food & Drink",$35718.85,"",
"0001112223","CK",4/4/2024,($92.79),"DEBITCARD: Grocery Store","","Groceries",$35626.06,"",
"0001112223","CK",4/5/2024,($425.00),"ACH:AUTO LOAN PAYMENT","","Auto & Transport",$35201.06,"budgeteer:goal=Auto Loan Down-payment",
"0001112223","CK",4/5/2024,($79.99),"ACH:ISP INTERNET BILL","","Internet",$35121.07,"",
"0001112223","CK",4/6/2024,($60.87),"DEBITCARD: Hardware Store","","Home",$35060.20,"",
"0001112223","CK",4/6/2024,($12.87),"DEBITCARD: Pet Supplies","","Pets",$35047.33,"",
"0001112223","CK",4/6/2024,($62.67),"DEBITCARD: Clothing Store","","Shopping",$34984.66,"",
"0001112223","CK",4/7/2024,($193.65),"DEBITCARD: Grocery Store","","Groceries",$34791.01,"",
"0001112223","CK",4/8/2024,($39.99),"ACH:GYM MEMBERSHIP","","Health",$34751.02,"",
"0001112223","CK",4/8/2024,($19.99),"ACH:STREAMING SUBSCRIPTION","","Entertainment",$34731.03,"",
"0001112223","CK",4/9/2024,($59.14),"DEBITCARD: Pharmacy","","Health",$34671.89,"",
"0001112223","CK",4/9/2024,($27.56),"DEBITCARD: Books","","Shopping",$34644.33,"",
"0001112223","CK",4/10/2024,$2229.31,"US TREASURY TAX REFUND","","Misc. Income",$36873.64,"",
"0001112223","CK",4/10/2024,($118.31),"DEBITCARD: Clothing Store","","Shopping",$36755.33,"",
"0001112223","CK",4/10/2024,($23.48),"DEBITCARD: Pet Supplies","","Pets",$36731.85,"",
"0001112223","CK",4/10/2024,($86.85),"DEBITCARD: Clothing Store","","Shopping",$36645.00,"",
"0001112223","CK",4/10/2024,($27.06),"DEBITCARD: Books","","Shopping",$36617.94,"",
"0001112223","CK",4/11/2024,($68.00),"ACH:MOBILE PHONE","","Utilities",$36549.94,"",
"0001112223","CK",4/11/2024,($119.09),"ACH:ELECTRIC BILL","","Utilities",$36430.85,"",
"0001112223","CK",4/11/2024,($48.61),"DEBITCARD: Clothing Store","","Shopping",$36382.24,"",
"0001112223","CK",4/12/2024,($73.08),"DEBITCARD: Gas Station","","Gas / Fuel",$36309.16,"",
"0001112223","CK",4/13/2024,($210.00),"ACH:STUDENT LOAN SERVICER","","Loans",$36099.16,"",
"0001112223","CK",4/13/2024,($12.95),"DEBITCARD: Ride Share","","Auto & Transport",$36086.21,"",
"0001112223","CK",4/13/2024,($161.31),"DEBITCARD: Event Tickets","","Entertainment",$35924.90,"",
"0001112223","CK",4/14/2024,($58.42),"DEBITCARD: Event Tickets","","Entertainment",$35866.48,"",
"0001112223","CK",4/14/2024,($10.31),"DEBITCARD: Streaming Add-on","","Entertainment",$35856.17,"",
"0001112223","CK",4/15/2024,$3800.00,"ACH:VISTA TECH PAYROLL","","Misc. Income",$39656.17,"",
"0001112223","CK",4/15/2024,($750.00),"Web Branch:TFR TO SV 0001112223","","Transfer",$38906.17,"budgeteer:apply=savings",
"0001112223","CK",4/15/2024,($8.63),"DEBITCARD: Coffee Shop","","Food & Drink",$38897.54,"",
"0001112223","CK",4/16/2024,($74.68),"DEBITCARD: Hardware Store","","Home",$38822.86,"",
"0001112223","CK",4/19/2024,($27.12),"DEBITCARD: Ride Share","","Auto & Transport",$38795.74,"",
"0001112223","CK",4/19/2024,($28.42),"DEBITCARD: Restaurant","","Food & Drink",$38767.32,"",
"0001112223","CK",4/20/2024,($11.69),"DEBITCARD: Ride Share","","Auto & Transport",$38755.63,"",
"0001112223","CK",4/21/2024,($86.62),"DEBITCARD: Clothing Store","","Shopping",$38669.01,"",
"0001112223","CK",4/21/2024,($16.58),"DEBITCARD: Pharmacy","","Health",$38652.43,"",
"0001112223","CK",4/23/2024,($53.01),"DEBITCARD: Pet Supplies","","Pets",$38599.42,"",
"0001112223","CK",4/24/2024,($47.49),"ACH:WATER BILL","","Utilities",$38551.93,"",
"0001112223","CK",4/24/2024,($1061.25),"ACH:CREDIT CARD PAYMENT","","Credit Card",$37490.68,"",
"0001112223","CK",4/24/2024,$9.35,"DIVIDEND PAYMENT","","Misc. Income",$37500.03,"",
"0001112223","CK",4/24/2024,($15.73),"DEBITCARD: Pet Supplies","","Pets",$37484.30,"",
"0001112223","CK",4/24/2024,($45.87),"DEBITCARD: Gas Station","","Gas / Fuel",$37438.43,"",
"0001112223","CK",4/27/2024,($111.60),"DEBITCARD: Event Tickets","","Entertainment",$37326.83,"",
"0001112223","CK",4/29/2024,($19.54),"DEBITCARD: Pet Supplies","","Pets",$37307.29,"",
"0001112223","CK",5/1/2024,$3800.00,"ACH:VISTA TECH PAYROLL","","Misc. Income",$41107.29,"",
"0001112223","CK",5/1/2024,($245.00),"ACH:HEALTH INSURANCE","","Insurance",$40862.29,"",
"0001112223","CK",5/1/2024,($38.73),"DEBITCARD: Pharmacy","","Health",$40823.56,"",
"0001112223","CK",5/2/2024,($2189.00),"ACH:Redwood Grove RENT","","Mortgage / Rent",$38634.56,"",
"0001112223","CK",5/2/2024,($41.51),"DEBITCARD: Restaurant","","Food & Drink",$38593.05,"",
"0001112223","CK",5/3/2024,($66.76),"DEBITCARD: Grocery Store","","Groceries",$38526.29,"",
"0001112223","CK",5/3/2024,($196.31),"DEBITCARD: Event Tickets","","Entertainment",$38329.98,"",
"0001112223","CK",5/4/2024,($425.00),"ACH:AUTO LOAN PAYMENT","","Auto & Transport",$37904.98,"budgeteer:goal=Auto Loan Down-payment",
"0001112223","CK",5/4/2024,($94.13),"DEBITCARD: Event Tickets","","Entertainment",$37810.85,"",
"0001112223","CK",5/5/2024,($79.99),"ACH:ISP INTERNET BILL","","Internet",$37730.86,"",
"0001112223","CK",5/5/2024,($36.57),"DEBITCARD: Gas Station","","Gas / Fuel",$37694.29,"",
"0001112223","CK",5/5/2024,($114.67),"DEBITCARD: Clothing Store","","Shopping",$37579.62,"",
"0001112223","CK",5/5/2024,($12.34),"DEBITCARD: Books","","Shopping",$37567.28,"",
"0001112223","CK",5/7/2024,($15.82),"DEBITCARD: Books","","Shopping",$37551.46,"",
"0001112223","CK",5/7/2024,($49.60),"DEBITCARD: Restaurant","","Food & Drink",$37501.86,"",
"0001112223","CK",5/8/2024,($45.79),"DEBITCARD: Restaurant","","Food & Drink",$37456.07,"",
"0001112223","CK",5/9/2024,($39.99),"ACH:GYM MEMBERSHIP","","Health",$37416.08,"",
"0001112223","CK",5/10/2024,($19.99),"ACH:STREAMING SUBSCRIPTION","","Entertainment",$37396.09,"",
"0001112223","CK",5/10/2024,($68.00),"ACH:MOBILE PHONE","","Utilities",$37328.09,"",
"0001112223","CK",5/10/2024,($5.52),"DEBITCARD: Streaming Add-on","","Entertainment",$37322.57,"",
"0001112223","CK",5/10/2024,($21.07),"DEBITCARD: Ride Share","","Auto & Transport",$37301.50,"",
"0001112223","CK",5/11/2024,($7.58),"DEBITCARD: Ride Share","","Auto & Transport",$37293.92,"",
"0001112223","CK",5/12/2024,($210.00),"ACH:STUDENT LOAN SERVICER","","Loans",$37083.92,"",
"0001112223","CK",5/12/2024,($58.27),"DEBITCARD: Gas Station","","Gas / Fuel",$37025.65,"",
"0001112223","CK",5/13/2024,($38.78),"DEBITCARD: Pet Supplies","","Pets",$36986.87,"",
"0001112223","CK",5/13/2024,($60.45),"DEBITCARD: Hardware Store","","Home",$36926.42,"",
"0001112223","CK",5/13/2024,($48.84),"DEBITCARD: Pet Supplies","","Pets",$36877.58,"",
"0001112223","CK",5/13/2024,($63.79),"DEBITCARD: Hardware Store","","Home",$36813.79,"",
"0001112223","CK",5/13/2024,($73.53),"DEBITCARD: Clothing Store","","Shopping",$36740.26,"",
"0001112223","CK",5/14/2024,($42.36),"DEBITCARD: Hardware Store","","Home",$36697.90,"",
"0001112223","CK",5/14/2024,($38.42),"DEBITCARD: Pharmacy","","Health",$36659.48,"",
"0001112223","CK",5/15/2024,$3800.00,"ACH:VISTA TECH PAYROLL","","Misc. Income",$40459.48,"",
"0001112223","CK",5/15/2024,($134.59),"ACH:ELECTRIC BILL","","Utilities",$40324.89,"",
"0001112223","CK",5/17/2024,($750.00),"Web Branch:TFR TO SV 0001112223","","Transfer",$39574.89,"budgeteer:apply=savings",
"0001112223","CK",5/18/2024,($24.76),"DEBITCARD: Ride Share","","Auto & Transport",$39550.13,"",
"0001112223","CK",5/18/2024,($4.73),"DEBITCARD: Coffee Shop","","Food & Drink",$39545.40,"",
"0001112223","CK",5/19/2024,($9.65),"DEBITCARD: Coffee Shop","","Food & Drink",$39535.75,"",
"0001112223","CK",5/19/2024,($7.60),"DEBITCARD: Coffee Shop","","Food & Drink",$39528.15,"",
"0001112223","CK",5/20/2024,($48.38),"DEBITCARD: Pet Supplies","","Pets",$39479.77,"",
"0001112223","CK",5/23/2024,($43.64),"ACH:WATER BILL","","Utilities",$39436.13,"",
"0001112223","CK",5/24/2024,($39.74),"DEBITCARD: Hardware Store","","Home",$39396.39,"",
"0001112223","CK",5/26/2024,($711.17),"ACH:CREDIT CARD PAYMENT","","Credit Card",$38685.22,"",
"0001112223","CK",5/26/2024,$4.36,"DIVIDEND PAYMENT","","Misc. Income",$38689.58,"",
"0001112223","CK",5/28/2024,($85.80),"DEBITCARD: Grocery Store","","Groceries",$38603.78,"",
"0001112223","CK",5/28/2024,($11.85),"DEBITCARD: Streaming Add-on","","Entertainment",$38591.93,"",
"0001112223","CK",5/29/2024,($128.54),"DEBITCARD: Event Tickets","","Entertainment",$38463.39,"",
"0001112223","CK",5/29/2024,($47.45),"DEBITCARD: Restaurant","","Food & Drink",$38415.94,"",
"0001112223","CK",5/29/2024,($10.35),"DEBITCARD: Streaming Add-on","","Entertainment",$38405.59,"",
"0001112223","CK",5/30/2024,($46.22),"DEBITCARD: Pet Supplies","","Pets",$38359.37,"",
"0001112223","CK",5/31/2024,($17.70),"DEBITCARD: Books","","Shopping",$38341.67,"",
"0001112223","CK",6/1/2024,$3800.00,"ACH:VISTA TECH PAYROLL","","Misc. Income",$42141.67,"",
"0001112223","CK",6/2/2024,($2189.00),"ACH:Redwood Grove RENT","","Mortgage / Rent",$39952.67,"",
"0001112223","CK",6/2/2024,($83.07),"DEBITCARD: Clothing Store","","Shopping",$39869.60,"",
"0001112223","CK",6/3/2024,($245.00),"ACH:HEALTH INSURANCE","","Insurance",$39624.60,"",
"0001112223","CK",6/4/2024,($51.43),"DEBITCARD: Restaurant","","Food & Drink",$39573.17,"",
"0001112223","CK",6/5/2024,($79.99),"ACH:ISP INTERNET BILL","","Internet",$39493.18,"",
"0001112223","CK",6/5/2024,($54.57),"DEBITCARD: Pharmacy","","Health",$39438.61,"",
"0001112223","CK",6/6/2024,($425.00),"ACH:AUTO LOAN PAYMENT","","Auto & Transport",$39013.61,"budgeteer:goal=Auto Loan Down-payment",
"0001112223","CK",6/7/2024,($37.67),"DEBITCARD: Restaurant","","Food & Drink",$38975.94,"",
"0001112223","CK",6/7/2024,($93.02),"DEBITCARD: Event Tickets","","Entertainment",$38882.92,"",
"0001112223","CK",6/8/2024,($156.15),"DEBITCARD: Grocery Store","","Groceries",$38726.77,"",
"0001112223","CK",6/8/2024,($17.60),"DEBITCARD: Ride Share","","Auto & Transport",$38709.17,"",
"0001112223","CK",6/9/2024,($39.99),"ACH:GYM MEMBERSHIP","","Health",$38669.18,"",
"0001112223","CK",6/10/2024,($19.99),"ACH:STREAMING SUBSCRIPTION","","Entertainment",$38649.19,"",
"0001112223","CK",6/10/2024,($38.37),"DEBITCARD: Gas Station","","Gas / Fuel",$38610.82,"",
"0001112223","CK",6/10/2024,($45.41),"DEBITCARD: Event Tickets","","Entertainment",$38565.41,"",
"0001112223","CK",6/10/2024,($52.31),"DEBITCARD: Hardware Store","","Home",$38513.10,"",
"0001112223","CK",6/11/2024,($68.00),"ACH:MOBILE PHONE","","Utilities",$38445.10,"",
"0001112223","CK",6/11/2024,($210.00),"ACH:STUDENT LOAN SERVICER","","Loans",$38235.10,"",
"0001112223","CK",6/11/2024,($8.94),"DEBITCARD: Coffee Shop","","Food & Drink",$38226.16,"",
"0001112223","CK",6/12/2024,($169.57),"DEBITCARD: Grocery Store","","Groceries",$38056.59,"",
"0001112223","CK",6/12/2024,($55.35),"DEBITCARD: Pharmacy","","Health",$38001.24,"",
"0001112223","CK",6/12/2024,($19.31),"DEBITCARD: Hardware Store","","Home",$37981.93,"",
"0001112223","CK",6/13/2024,($22.70),"DEBITCARD: Pet Supplies","","Pets",$37959.23,"",
"0001112223","CK",6/14/2024,($205.09),"ACH:ELECTRIC BILL","","Utilities",$37754.14,"",
"0001112223","CK",6/14/2024,($6.29),"DEBITCARD: Coffee Shop","","Food & Drink",$37747.85,"",
"0001112223","CK",6/15/2024,$3800.00,"ACH:VISTA TECH PAYROLL","","Misc. Income",$41547.85,"",
"0001112223","CK",6/16/2024,($123.77),"DEBITCARD: Grocery Store","","Groceries",$41424.08,"",
"0001112223","CK",6/17/2024,($750.00),"Web Branch:TFR TO SV 0001112223","","Transfer",$40674.08,"budgeteer:apply=savings",
"0001112223","CK",6/17/2024,($82.43),"DEBITCARD: Grocery Store","","Groceries",$40591.65,"",
"0001112223","CK",6/17/2024,($19.59),"DEBITCARD: Pet Supplies","","Pets",$40572.06,"",
"0001112223","CK",6/17/2024,($39.76),"DEBITCARD: Pet Supplies","","Pets",$40532.30,"",
"0001112223","CK",6/17/2024,($51.57),"DEBITCARD: Gas Station","","Gas / Fuel",$40480.73,"",
"0001112223","CK",6/19/2024,($180.93),"DEBITCARD: Event Tickets","","Entertainment",$40299.80,"",
"0001112223","CK",6/19/2024,($57.16),"DEBITCARD: Restaurant","","Food & Drink",$40242.64,"",
"0001112223","CK",6/20/2024,($69.10),"DEBITCARD: Gas Station","","Gas / Fuel",$40173.54,"",
"0001112223","CK",6/21/2024,($26.08),"DEBITCARD: Books","","Shopping",$40147.46,"",
"0001112223","CK",6/21/2024,($6.14),"DEBITCARD: Coffee Shop","","Food & Drink",$40141.32,"",
"0001112223","CK",6/22/2024,($39.79),"ACH:WATER BILL","","Utilities",$40101.53,"",
"0001112223","CK",6/22/2024,($7.16),"DEBITCARD: Coffee Shop","","Food & Drink",$40094.37,"",
"0001112223","CK",6/23/2024,($1561.10),"ACH:CREDIT CARD PAYMENT","","Credit Card",$38533.27,"",
"0001112223","CK",6/23/2024,($25.53),"DEBITCARD: Books","","Shopping",$38507.74,"",
"0001112223","CK",6/24/2024,($170.09),"DEBITCARD: Grocery Store","","Groceries",$38337.65,"",
"0001112223","CK",6/24/2024,($60.41),"DEBITCARD: Restaurant","","Food & Drink",$38277.24,"",
"0001112223","CK",6/24/2024,($60.02),"DEBITCARD: Pharmacy","","Health",$38217.22,"",
"0001112223","CK",6/27/2024,($40.69),"DEBITCARD: Pharmacy","","Health",$38176.53,"",
"0001112223","CK",6/28/2024,$11.37,"DIVIDEND PAYMENT","","Misc. Income",$38187.90,"",
"0001112223","CK",6/28/2024,($39.06),"DEBITCARD: Hardware Store","","Home",$38148.84,"",
"0001112223","CK",6/30/2024,($79.50),"DEBITCARD: Hardware Store","","Home",$38069.34,"",
"0001112223","CK",6/30/2024,($190.39),"DEBITCARD: Grocery Store","","Groceries",$37878.95,"",
"0001112223","CK",7/1/2024,$3800.00,"ACH:VISTA TECH PAYROLL","","Misc. Income",$41678.95,"",
"0001112223","CK",7/1/2024,($245.00),"ACH:HEALTH INSURANCE","","Insurance",$41433.95,"",
"0001112223","CK",7/1/2024,($27.49),"DEBITCARD: Pet Supplies","","Pets",$41406.46,"",
"0001112223","CK",7/2/2024,($2189.00),"ACH:Redwood Grove RENT","","Mortgage / Rent",$39217.46,"",
"0001112223","CK",7/2/2024,($10.21),"DEBITCARD: Coffee Shop","","Food & Drink",$39207.25,"",
"0001112223","CK",7/2/2024,($177.96),"DEBITCARD: Grocery Store","","Groceries",$39029.29,"",
"0001112223","CK",7/2/2024,($29.98),"DEBITCARD: Books","","Shopping",$38999.31,"",
"0001112223","CK",7/2/2024,($11.64),"DEBITCARD: Ride Share","","Auto & Transport",$38987.67,"",
"0001112223","CK",7/4/2024,($82.94),"DEBITCARD: Clothing Store","","Shopping",$38904.73,"",
"0001112223","CK",7/4/2024,($13.44),"DEBITCARD: Restaurant","","Food & Drink",$38891.29,"",
"0001112223","CK",7/5/2024,($425.00),"ACH:AUTO LOAN PAYMENT","","Auto & Transport",$38466.29,"budgeteer:goal=Auto Loan Down-payment",
"0001112223","CK",7/5/2024,($79.99),"ACH:ISP INTERNET BILL","","Internet",$38386.30,"",
"0001112223","CK",7/7/2024,($39.99),"ACH:GYM MEMBERSHIP","","Health",$38346.31,"",
"0001112223","CK",7/7/2024,($75.69),"DEBITCARD: Hardware Store","","Home",$38270.62,"",
"0001112223","CK",7/7/2024,($29.72),"DEBITCARD: Pet Supplies","","Pets",$38240.90,"",
"0001112223","CK",7/9/2024,($19.99),"ACH:STREAMING SUBSCRIPTION","","Entertainment",$38220.91,"",
"0001112223","CK",7/9/2024,($68.00),"ACH:MOBILE PHONE","","Utilities",$38152.91,"",
"0001112223","CK",7/9/2024,$273.25,"ACH:MOONLIGHT GIG","","Misc. Income",$38426.16,"Side work",
"0001112223","CK",7/9/2024,($209.59),"DEBITCARD: Grocery Store","","Groceries",$38216.57,"",
"0001112223","CK",7/9/2024,($23.18),"DEBITCARD: Ride Share","","Auto & Transport",$38193.39,"",
"0001112223","CK",7/10/2024,($43.89),"DEBITCARD: Hardware Store","","Home",$38149.50,"",
"0001112223","CK",7/10/2024,($49.47),"DEBITCARD: Pharmacy","","Health",$38100.03,"",
"0001112223","CK",7/11/2024,($210.00),"ACH:STUDENT LOAN SERVICER","","Loans",$37890.03,"",
"0001112223","CK",7/11/2024,($47.74),"DEBITCARD: Event Tickets","","Entertainment",$37842.29,"",
"0001112223","CK",7/11/2024,($30.49),"DEBITCARD: Gas Station","","Gas / Fuel",$37811.80,"",
"0001112223","CK",7/12/2024,($37.38),"DEBITCARD: Pharmacy","","Health",$37774.42,"",
"0001112223","CK",7/13/2024,($180.60),"ACH:ELECTRIC BILL","","Utilities",$37593.82,"",
"0001112223","CK",7/13/2024,($168.37),"DEBITCARD: Grocery Store","","Groceries",$37425.45,"",
"0001112223","CK",7/14/2024,($22.17),"DEBITCARD: Books","","Shopping",$37403.28,"",
"0001112223","CK",7/15/2024,$3800.00,"ACH:VISTA TECH PAYROLL","","Misc. Income",$41203.28,"",
"0001112223","CK",7/16/2024,($750.00),"Web Branch:TFR TO SV 0001112223","","Transfer",$40453.28,"budgeteer:apply=savings",
"0001112223","CK",7/17/2024,($205.96),"DEBITCARD: Event Tickets","","Entertainment",$40247.32,"",
"0001112223","CK",7/18/2024,($33.90),"DEBITCARD: Hardware Store","","Home",$40213.42,"",
"0001112223","CK",7/19/2024,($6.39),"DEBITCARD: Streaming Add-on","","Entertainment",$40207.03,"",
"0001112223","CK",7/19/2024,($8.73),"DEBITCARD: Streaming Add-on","","Entertainment",$40198.30,"",
"0001112223","CK",7/19/2024,($56.39),"DEBITCARD: Pharmacy","","Health",$40141.91,"",
"0001112223","CK",7/20/2024,($161.38),"DEBITCARD: Grocery Store","","Groceries",$39980.53,"",
"0001112223","CK",7/20/2024,($46.06),"DEBITCARD: Clothing Store","","Shopping",$39934.47,"",
"0001112223","CK",7/22/2024,($48.94),"ACH:WATER BILL","","Utilities",$39885.53,"",
"0001112223","CK",7/22/2024,$2.72,"DIVIDEND PAYMENT","","Misc. Income",$39888.25,"",
"0001112223","CK",7/22/2024,($44.05),"DEBITCARD: Pharmacy","","Health",$39844.20,"",
"0001112223","CK",7/22/2024,($136.33),"DEBITCARD: Event Tickets","","Entertainment",$39707.87,"",
"0001112223","CK",7/22/2024,($125.32),"DEBITCARD: Event Tickets","","Entertainment",$39582.55,"",
"0001112223","CK",7/24/2024,($1211.03),"ACH:CREDIT CARD PAYMENT","","Credit Card",$38371.52,"",
"0001112223","CK",7/24/2024,($104.90),"DEBITCARD: Event Tickets","","Entertainment",$38266.62,"",
"0001112223","CK",7/25/2024,($189.23),"DEBITCARD: Event Tickets","","Entertainment",$38077.39,"",
"0001112223","CK",7/28/2024,($51.93),"DEBITCARD: Pet Supplies","","Pets",$38025.46,"",
"0001112223","CK",7/29/2024,($9.21),"DEBITCARD: Ride Share","","Auto & Transport",$38016.25,"",
"0001112223","CK",7/29/2024,($75.19),"DEBITCARD: Hardware Store","","Home",$37941.06,"",
"0001112223","CK",7/31/2024,($27.64),"DEBITCARD: Restaurant","","Food & Drink",$37913.42,"",
"0001112223","CK",8/1/2024,$3800.00,"ACH:VISTA TECH PAYROLL","","Misc. Income",$41713.42,"",
"0001112223","CK",8/2/2024,($2189.00),"ACH:Redwood Grove RENT","","Mortgage / Rent",$39524.42,"",
"0001112223","CK",8/2/2024,($245.00),"ACH:HEALTH INSURANCE","","Insurance",$39279.42,"",
"0001112223","CK",8/2/2024,($70.79),"DEBITCARD: Gas Station","","Gas / Fuel",$39208.63,"",
"0001112223","CK",8/3/2024,($24.88),"DEBITCARD: Books","","Shopping",$39183.75,"",
"0001112223","CK",8/3/2024,($64.79),"DEBITCARD: Hardware Store","","Home",$39118.96,"",
"0001112223","CK",8/3/2024,($88.45),"DEBITCARD: Grocery Store","","Groceries",$39030.51,"",
"0001112223","CK",8/4/2024,($425.00),"ACH:AUTO LOAN PAYMENT","","Auto & Transport",$38605.51,"budgeteer:goal=Auto Loan Down-payment",
"0001112223","CK",8/4/2024,($48.79),"DEBITCARD: Pet Supplies","","Pets",$38556.72,"",
"0001112223","CK",8/5/2024,($79.99),"ACH:ISP INTERNET BILL","","Internet",$38476.73,"",
"0001112223","CK",8/7/2024,($39.99),"ACH:GYM MEMBERSHIP","","Health",$38436.74,"",
"0001112223","CK",8/7/2024,($62.98),"DEBITCARD: Grocery Store","","Groceries",$38373.76,"",
"0001112223","CK",8/7/2024,($3.78),"DEBITCARD: Coffee Shop","","Food & Drink",$38369.98,"",
"0001112223","CK",8/7/2024,($8.34),"DEBITCARD: Coffee Shop","","Food & Drink",$38361.64,"",
"0001112223","CK",8/8/2024,($19.99),"ACH:STREAMING SUBSCRIPTION","","Entertainment",$38341.65,"",
"0001112223","CK",8/8/2024,($8.01),"DEBITCARD: Coffee Shop","","Food & Drink",$38333.64,"",
"0001112223","CK",8/10/2024,$437.50,"ACH:MOONLIGHT GIG","","Misc. Income",$38771.14,"Side work",
"0001112223","CK",8/10/2024,($3.84),"DEBITCARD: Coffee Shop","","Food & Drink",$38767.30,"",
"0001112223","CK",8/11/2024,($68.00),"ACH:MOBILE PHONE","","Utilities",$38699.30,"",
"0001112223","CK",8/11/2024,($5.60),"DEBITCARD: Coffee Shop","","Food & Drink",$38693.70,"",
"0001112223","CK",8/12/2024,($86.11),"DEBITCARD: Event Tickets","","Entertainment",$38607.59,"",
"0001112223","CK",8/12/2024,($14.28),"DEBITCARD: Ride Share","","Auto & Transport",$38593.31,"",
"0001112223","CK",8/13/2024,($210.00),"ACH:STUDENT LOAN SERVICER","","Loans",$38383.31,"",
"0001112223","CK",8/13/2024,($196.10),"ACH:ELECTRIC BILL","","Utilities",$38187.21,"",
"0001112223","CK",8/13/2024,($32.35),"DEBITCARD: Hardware Store","","Home",$38154.86,"",
"0001112223","CK",8/13/2024,($4.26),"DEBITCARD: Coffee Shop","","Food & Drink",$38150.60,"",
"0001112223","CK",8/14/2024,($207.61),"DEBITCARD: Grocery Store","","Groceries",$37942.99,"",
"0001112223","CK",8/14/2024,($3.30),"DEBITCARD: Coffee Shop","","Food & Drink",$37939.69,"",
"0001112223","CK",8/15/2024,$3800.00,"ACH:VISTA TECH PAYROLL","","Misc. Income",$41739.69,"",
"0001112223","CK",8/15/2024,($73.24),"DEBITCARD: Gas Station","","Gas / Fuel",$41666.45,"",
"0001112223","CK",8/15/2024,($68.51),"DEBITCARD: Clothing Store","","Shopping",$41597.94,"",
"0001112223","CK",8/16/2024,($750.00),"Web Branch:TFR TO SV 0001112223","","Transfer",$40847.94,"budgeteer:apply=savings",
"0001112223","CK",8/17/2024,($180.36),"DEBITCARD: Event Tickets","","Entertainment",$40667.58,"",
"0001112223","CK",8/19/2024,($7.59),"DEBITCARD: Coffee Shop","","Food & Drink",$40659.99,"",
"0001112223","CK",8/19/2024,($67.75),"DEBITCARD: Gas Station","","Gas / Fuel",$40592.24,"",
"0001112223","CK",8/19/2024,($59.48),"DEBITCARD: Restaurant","","Food & Drink",$40532.76,"",
"0001112223","CK",8/20/2024,($3.82),"DEBITCARD: Coffee Shop","","Food & Drink",$40528.94,"",
"0001112223","CK",8/21/2024,($45.09),"ACH:WATER BILL","","Utilities",$40483.85,"",
"0001112223","CK",8/22/2024,($7.10),"DEBITCARD: Coffee Shop","","Food & Drink",$40476.75,"",
"0001112223","CK",8/23/2024,($4.07),"DEBITCARD: Coffee Shop","","Food & Drink",$40472.68,"",
"0001112223","CK",8/24/2024,($213.36),"DEBITCARD: Event Tickets","","Entertainment",$40259.32,"",
"0001112223","CK",8/25/2024,($53.75),"DEBITCARD: Pet Supplies","","Pets",$40205.57,"",
"0001112223","CK",8/25/2024,($6.11),"DEBITCARD: Coffee Shop","","Food & Drink",$40199.46,"",
"0001112223","CK",8/26/2024,($860.96),"ACH:CREDIT CARD PAYMENT","","Credit Card",$39338.50,"",
"0001112223","CK",8/26/2024,($12.17),"DEBITCARD: Ride Share","","Auto & Transport",$39326.33,"",
"0001112223","CK",8/26/2024,($11.93),"DEBITCARD: Books","","Shopping",$39314.40,"",
"0001112223","CK",8/27/2024,($172.39),"DEBITCARD: Grocery Store","","Groceries",$39142.01,"",
"0001112223","CK",8/27/2024,($44.11),"DEBITCARD: Restaurant","","Food & Drink",$39097.90,"",
"0001112223","CK",8/27/2024,($30.67),"DEBITCARD: Gas Station","","Gas / Fuel",$39067.23,"",
"0001112223","CK",8/28/2024,($61.51),"DEBITCARD: Pharmacy","","Health",$39005.72,"",
"0001112223","CK",9/1/2024,$3800.00,"ACH:VISTA TECH PAYROLL","","Misc. Income",$42805.72,"",
"0001112223","CK",9/1/2024,($245.00),"ACH:HEALTH INSURANCE","","Insurance",$42560.72,"",
"0001112223","CK",9/1/2024,($15.88),"DEBITCARD: Pet Supplies","","Pets",$42544.84,"",
"0001112223","CK",9/1/2024,($54.16),"DEBITCARD: Hardware Store","","Home",$42490.68,"",
"0001112223","CK",9/1/2024,($20.25),"DEBITCARD: Pharmacy","","Health",$42470.43,"",
"0001112223","CK",9/2/2024,($2189.00),"ACH:Redwood Grove RENT","","Mortgage / Rent",$40281.43,"",
"0001112223","CK",9/2/2024,($7.16),"DEBITCARD: Streaming Add-on","","Entertainment",$40274.27,"",
"0001112223","CK",9/4/2024,($425.00),"ACH:AUTO LOAN PAYMENT","","Auto & Transport",$39849.27,"budgeteer:goal=Auto Loan Down-payment",
"0001112223","CK",9/4/2024,($42.47),"DEBITCARD: Clothing Store","","Shopping",$39806.80,"",
"0001112223","CK",9/4/2024,($17.97),"DEBITCARD: Books","","Shopping",$39788.83,"",
"0001112223","CK",9/5/2024,($7.63),"DEBITCARD: Coffee Shop","","Food & Drink",$39781.20,"",
"0001112223","CK",9/5/2024,($9.78),"DEBITCARD: Streaming Add-on","","Entertainment",$39771.42,"",
"0001112223","CK",9/6/2024,($79.99),"ACH:ISP INTERNET BILL","","Internet",$39691.43,"",
"0001112223","CK",9/6/2024,($9.54),"DEBITCARD: Streaming Add-on","","Entertainment",$39681.89,"",
"0001112223","CK",9/7/2024,($39.99),"ACH:GYM MEMBERSHIP","","Health",$39641.90,"",
"0001112223","CK",9/8/2024,($34.49),"DEBITCARD: Gas Station","","Gas / Fuel",$39607.41,"",
"0001112223","CK",9/9/2024,($68.00),"ACH:MOBILE PHONE","","Utilities",$39539.41,"",
"0001112223","CK",9/10/2024,($19.99),"ACH:STREAMING SUBSCRIPTION","","Entertainment",$39519.42,"",
"0001112223","CK",9/10/2024,($19.11),"DEBITCARD: Restaurant","","Food & Drink",$39500.31,"",
"0001112223","CK",9/10/2024,($34.71),"DEBITCARD: Restaurant","","Food & Drink",$39465.60,"",
"0001112223","CK",9/11/2024,($32.90),"DEBITCARD: Restaurant","","Food & Drink",$39432.70,"",
"0001112223","CK",9/12/2024,($210.00),"ACH:STUDENT LOAN SERVICER","","Loans",$39222.70,"",
"0001112223","CK",9/12/2024,($211.60),"ACH:ELECTRIC BILL","","Utilities",$39011.10,"",
"0001112223","CK",9/12/2024,$601.76,"ACH:MOONLIGHT GIG","","Misc. Income",$39612.86,"Side work",
"0001112223","CK",9/12/2024,($173.24),"DEBITCARD: Grocery Store","","Groceries",$39439.62,"",
"0001112223","CK",9/12/2024,($29.18),"DEBITCARD: Restaurant","","Food & Drink",$39410.44,"",
"0001112223","CK",9/13/2024,($216.55),"DEBITCARD: Event Tickets","","Entertainment",$39193.89,"",
"0001112223","CK",9/13/2024,($33.03),"DEBITCARD: Pharmacy","","Health",$39160.86,"",
"0001112223","CK",9/15/2024,$3800.00,"ACH:VISTA TECH PAYROLL","","Misc. Income",$42960.86,"",
"0001112223","CK",9/15/2024,($750.00),"Web Branch:TFR TO SV 0001112223","","Transfer",$42210.86,"budgeteer:apply=savings",
"0001112223","CK",9/17/2024,($19.52),"DEBITCARD: Ride Share","","Auto & Transport",$42191.34,"",
"0001112223","CK",9/18/2024,($49.10),"DEBITCARD: Hardware Store","","Home",$42142.24,"",
"0001112223","CK",9/19/2024,($26.47),"DEBITCARD: Clothing Store","","Shopping",$42115.77,"",
"0001112223","CK",9/20/2024,($41.23),"ACH:WATER BILL","","Utilities",$42074.54,"",
"0001112223","CK",9/20/2024,($185.69),"DEBITCARD: Grocery Store","","Groceries",$41888.85,"",
"0001112223","CK",9/22/2024,($5.51),"DEBITCARD: Coffee Shop","","Food & Drink",$41883.34,"",
"0001112223","CK",9/23/2024,($1710.88),"ACH:CREDIT CARD PAYMENT","","Credit Card",$40172.46,"",
"0001112223","CK",9/23/2024,($26.66),"DEBITCARD: Ride Share","","Auto & Transport",$40145.80,"",
"0001112223","CK",9/24/2024,($216.43),"DEBITCARD: Event Tickets","","Entertainment",$39929.37,"",
"0001112223","CK",9/24/2024,($8.81),"DEBITCARD: Coffee Shop","","Food & Drink",$39920.56,"",
"0001112223","CK",9/25/2024,($47.90),"DEBITCARD: Pet Supplies","","Pets",$39872.66,"",
"0001112223","CK",9/25/2024,($74.67),"DEBITCARD: Hardware Store","","Home",$39797.99,"",
"0001112223","CK",9/25/2024,($42.60),"DEBITCARD: Restaurant","","Food & Drink",$39755.39,"",
"0001112223","CK",9/27/2024,($49.01),"DEBITCARD: Pharmacy","","Health",$39706.38,"",
"0001112223","CK",9/28/2024,($15.83),"DEBITCARD: Ride Share","","Auto & Transport",$39690.55,"",
"0001112223","CK",9/28/2024,($65.64),"DEBITCARD: Gas Station","","Gas / Fuel",$39624.91,"",
"0001112223","CK",9/29/2024,($56.80),"DEBITCARD: Event Tickets","","Entertainment",$39568.11,"",
"0001112223","CK",9/29/2024,($9.73),"DEBITCARD: Streaming Add-on","","Entertainment",$39558.38,"",
"0001112223","CK",9/29/2024,($60.13),"DEBITCARD: Hardware Store","","Home",$39498.25,"",
"0001112223","CK",9/30/2024,($5.31),"DEBITCARD: Streaming Add-on","","Entertainment",$39492.94,"",
"0001112223","CK",10/1/2024,$3800.00,"ACH:VISTA TECH PAYROLL","","Misc. Income",$43292.94,"",
"0001112223","CK",10/2/2024,($2189.00),"ACH:Redwood Grove RENT","","Mortgage / Rent",$41103.94,"",
"0001112223","CK",10/2/2024,($245.00),"ACH:HEALTH INSURANCE","","Insurance",$40858.94,"",
"0001112223","CK",10/3/2024,($52.15),"DEBITCARD: Gas Station","","Gas / Fuel",$40806.79,"",
"0001112223","CK",10/3/2024,($19.90),"DEBITCARD: Restaurant","","Food & Drink",$40786.89,"",
"0001112223","CK",10/4/2024,($7.32),"DEBITCARD: Coffee Shop","","Food & Drink",$40779.57,"",
"0001112223","CK",10/4/2024,($43.62),"DEBITCARD: Pet Supplies","","Pets",$40735.95,"",
"0001112223","CK",10/5/2024,($42.77),"DEBITCARD: Restaurant","","Food & Drink",$40693.18,"",
"0001112223","CK",10/6/2024,($425.00),"ACH:AUTO LOAN PAYMENT","","Auto & Transport",$40268.18,"budgeteer:goal=Auto Loan Down-payment",
"0001112223","CK",10/6/2024,($79.99),"ACH:ISP INTERNET BILL","","Internet",$40188.19,"",
"0001112223","CK",10/6/2024,$766.01,"ACH:MOONLIGHT GIG","","Misc. Income",$40954.20,"Side work",
"0001112223","CK",10/6/2024,($5.45),"DEBITCARD: Streaming Add-on","","Entertainment",$40948.75,"",
"0001112223","CK",10/6/2024,($26.96),"DEBITCARD: Pet Supplies","","Pets",$40921.79,"",
"0001112223","CK",10/8/2024,($39.99),"ACH:GYM MEMBERSHIP","","Health",$40881.80,"",
"0001112223","CK",10/8/2024,($33.59),"DEBITCARD: Books","","Shopping",$40848.21,"",
"0001112223","CK",10/8/2024,($41.29),"DEBITCARD: Pet Supplies","","Pets",$40806.92,"",
"0001112223","CK",10/9/2024,($19.99),"ACH:STREAMING SUBSCRIPTION","","Entertainment",$40786.93,"",
"0001112223","CK",10/9/2024,($63.44),"DEBITCARD: Hardware Store","","Home",$40723.49,"",
"0001112223","CK",10/9/2024,($8.74),"DEBITCARD: Coffee Shop","","Food & Drink",$40714.75,"",
"0001112223","CK",10/10/2024,($68.00),"ACH:MOBILE PHONE","","Utilities",$40646.75,"",
"0001112223","CK",10/10/2024,($33.25),"DEBITCARD: Clothing Store","","Shopping",$40613.50,"",
"0001112223","CK",10/10/2024,($101.79),"DEBITCARD: Event Tickets","","Entertainment",$40511.71,"",
"0001112223","CK",10/10/2024,($180.98),"DEBITCARD: Event Tickets","","Entertainment",$40330.73,"",
"0001112223","CK",10/11/2024,($210.00),"ACH:STUDENT LOAN SERVICER","","Loans",$40120.73,"",
"0001112223","CK",10/11/2024,($132.10),"ACH:ELECTRIC BILL","","Utilities",$39988.63,"",
"0001112223","CK",10/11/2024,($42.10),"DEBITCARD: Pet Supplies","","Pets",$39946.53,"",
"0001112223","CK",10/11/2024,($39.80),"DEBITCARD: Pet Supplies","","Pets",$39906.73,"",
"0001112223","CK",10/12/2024,($76.89),"DEBITCARD: Grocery Store","","Groceries",$39829.84,"",
"0001112223","CK",10/12/2024,($28.02),"DEBITCARD: Hardware Store","","Home",$39801.82,"",
"0001112223","CK",10/13/2024,($7.68),"DEBITCARD: Streaming Add-on","","Entertainment",$39794.14,"",
"0001112223","CK",10/14/2024,($93.89),"DEBITCARD: Grocery Store","","Groceries",$39700.25,"",
"0001112223","CK",10/15/2024,$3800.00,"ACH:VISTA TECH PAYROLL","","Misc. Income",$43500.25,"",
"0001112223","CK",10/15/2024,($750.00),"Web Branch:TFR TO SV 0001112223","","Transfer",$42750.25,"budgeteer:apply=savings",
"0001112223","CK",10/15/2024,($18.81),"DEBITCARD: Ride Share","","Auto & Transport",$42731.44,"",
"0001112223","CK",10/16/2024,($51.13),"DEBITCARD: Hardware Store","","Home",$42680.31,"",
"0001112223","CK",10/16/2024,($105.37),"DEBITCARD: Clothing Store","","Shopping",$42574.94,"",
"0001112223","CK",10/16/2024,($163.05),"DEBITCARD: Event Tickets","","Entertainment",$42411.89,"",
"0001112223","CK",10/17/2024,($170.77),"DEBITCARD: Grocery Store","","Groceries",$42241.12,"",
"0001112223","CK",10/18/2024,($9.98),"DEBITCARD: Coffee Shop","","Food & Drink",$42231.14,"",
"0001112223","CK",10/19/2024,($5.94),"DEBITCARD: Streaming Add-on","","Entertainment",$42225.20,"",
"0001112223","CK",10/19/2024,($47.92),"DEBITCARD: Restaurant","","Food & Drink",$42177.28,"",
"0001112223","CK",10/20/2024,($50.38),"ACH:WATER BILL","","Utilities",$42126.90,"",
"0001112223","CK",10/20/2024,($60.58),"DEBITCARD: Hardware Store","","Home",$42066.32,"",
"0001112223","CK",10/22/2024,$434.51,"ACH:MOONLIGHT GIG","","Misc. Income",$42500.83,"Side work",
"0001112223","CK",10/24/2024,($1360.81),"ACH:CREDIT CARD PAYMENT","","Credit Card",$41140.02,"",
"0001112223","CK",10/24/2024,($58.26),"DEBITCARD: Hardware Store","","Home",$41081.76,"",
"0001112223","CK",10/26/2024,($107.52),"DEBITCARD: Event Tickets","","Entertainment",$40974.24,"",
"0001112223","CK",10/27/2024,($32.62),"DEBITCARD: Books","","Shopping",$40941.62,"",
"0001112223","CK",10/27/2024,($137.73),"DEBITCARD: Grocery Store","","Groceries",$40803.89,"",
"0001112223","CK",10/29/2024,($17.66),"DEBITCARD: Pharmacy","","Health",$40786.23,"",
"0001112223","CK",11/1/2024,$3800.00,"ACH:VISTA TECH PAYROLL","","Misc. Income",$44586.23,"",
"0001112223","CK",11/1/2024,($245.00),"ACH:HEALTH INSURANCE","","Insurance",$44341.23,"",
"0001112223","CK",11/2/2024,($2189.00),"ACH:Redwood Grove RENT","","Mortgage / Rent",$42152.23,"",
"0001112223","CK",11/2/2024,($63.83),"DEBITCARD: Gas Station","","Gas / Fuel",$42088.40,"",
"0001112223","CK",11/3/2024,($145.83),"DEBITCARD: Event Tickets","","Entertainment",$41942.57,"",
"0001112223","CK",11/3/2024,($26.37),"DEBITCARD: Books","","Shopping",$41916.20,"",
"0001112223","CK",11/5/2024,($425.00),"ACH:AUTO LOAN PAYMENT","","Auto & Transport",$41491.20,"budgeteer:goal=Auto Loan Down-payment",
"0001112223","CK",11/5/2024,($94.33),"DEBITCARD: Grocery Store","","Groceries",$41396.87,"",
"0001112223","CK",11/5/2024,($13.50),"DEBITCARD: Books","","Shopping",$41383.37,"",
"0001112223","CK",11/5/2024,($41.75),"DEBITCARD: Gas Station","","Gas / Fuel",$41341.62,"",
"0001112223","CK",11/5/2024,($36.35),"DEBITCARD: Pet Supplies","","Pets",$41305.27,"",
"0001112223","CK",11/6/2024,($79.99),"ACH:ISP INTERNET BILL","","Internet",$41225.28,"",
"0001112223","CK",11/6/2024,($57.75),"DEBITCARD: Event Tickets","","Entertainment",$41167.53,"",
"0001112223","CK",11/7/2024,$930.27,"ACH:MOONLIGHT GIG","","Misc. Income",$42097.80,"Side work",
"0001112223","CK",11/7/2024,($156.85),"DEBITCARD: Event Tickets","","Entertainment",$41940.95,"",
"0001112223","CK",11/8/2024,($39.99),"ACH:GYM MEMBERSHIP","","Health",$41900.96,"",
"0001112223","CK",11/8/2024,($19.99),"ACH:STREAMING SUBSCRIPTION","","Entertainment",$41880.97,"",
"0001112223","CK",11/8/2024,($200.01),"DEBITCARD: Grocery Store","","Groceries",$41680.96,"",
"0001112223","CK",11/8/2024,($75.72),"DEBITCARD: Hardware Store","","Home",$41605.24,"",
"0001112223","CK",11/9/2024,($68.00),"ACH:MOBILE PHONE","","Utilities",$41537.24,"",
"0001112223","CK",11/9/2024,($23.83),"DEBITCARD: Ride Share","","Auto & Transport",$41513.41,"",
"0001112223","CK",11/9/2024,($62.17),"DEBITCARD: Restaurant","","Food & Drink",$41451.24,"",
"0001112223","CK",11/10/2024,($79.25),"DEBITCARD: Grocery Store","","Groceries",$41371.99,"",
"0001112223","CK",11/11/2024,($57.76),"DEBITCARD: Restaurant","","Food & Drink",$41314.23,"",
"0001112223","CK",11/11/2024,($30.94),"DEBITCARD: Clothing Store","","Shopping",$41283.29,"",
"0001112223","CK",11/13/2024,($210.00),"ACH:STUDENT LOAN SERVICER","","Loans",$41073.29,"",
"0001112223","CK",11/13/2024,($121.58),"DEBITCARD: Grocery Store","","Groceries",$40951.71,"",
"0001112223","CK",11/15/2024,$3800.00,"ACH:VISTA TECH PAYROLL","","Misc. Income",$44751.71,"",
"0001112223","CK",11/15/2024,($147.61),"ACH:ELECTRIC BILL","","Utilities",$44604.10,"",
"0001112223","CK",11/15/2024,($36.62),"DEBITCARD: Event Tickets","","Entertainment",$44567.48,"",
"0001112223","CK",11/17/2024,($750.00),"Web Branch:TFR TO SV 0001112223","","Transfer",$43817.48,"budgeteer:apply=savings",
"0001112223","CK",11/17/2024,($22.41),"DEBITCARD: Ride Share","","Auto & Transport",$43795.07,"",
"0001112223","CK",11/18/2024,($129.65),"DEBITCARD: Grocery Store","","Groceries",$43665.42,"",
"0001112223","CK",11/18/2024,($8.63),"DEBITCARD: Books","","Shopping",$43656.79,"",
"0001112223","CK",11/19/2024,($26.38),"DEBITCARD: Books","","Shopping",$43630.41,"",
"0001112223","CK",11/21/2024,($180.58),"DEBITCARD: Grocery Store","","Groceries",$43449.83,"",
"0001112223","CK",11/21/2024,($38.36),"DEBITCARD: Pet Supplies","","Pets",$43411.47,"",
"0001112223","CK",11/23/2024,($39.03),"DEBITCARD: Clothing Store","","Shopping",$43372.44,"",
"0001112223","CK",11/23/2024,($64.15),"DEBITCARD: Pharmacy","","Health",$43308.29,"",
"0001112223","CK",11/23/2024,($63.43),"DEBITCARD: Gas Station","","Gas / Fuel",$43244.86,"",
"0001112223","CK",11/24/2024,($46.53),"ACH:WATER BILL","","Utilities",$43198.33,"",
"0001112223","CK",11/24/2024,($17.59),"DEBITCARD: Books","","Shopping",$43180.74,"",
"0001112223","CK",11/24/2024,($57.39),"DEBITCARD: Clothing Store","","Shopping",$43123.35,"",
"0001112223","CK",11/26/2024,($1010.74),"ACH:CREDIT CARD PAYMENT","","Credit Card",$42112.61,"",
"0001112223","CK",11/26/2024,$6.50,"DIVIDEND PAYMENT","","Misc. Income",$42119.11,"",
"0001112223","CK",11/26/2024,($7.14),"DEBITCARD: Streaming Add-on","","Entertainment",$42111.97,"",
"0001112223","CK",11/27/2024,($67.72),"DEBITCARD: Clothing Store","","Shopping",$42044.25,"",
"0001112223","CK",11/27/2024,($181.03),"DEBITCARD: Grocery Store","","Groceries",$41863.22,"",
"0001112223","CK",11/28/2024,($58.72),"DEBITCARD: Event Tickets","","Entertainment",$41804.50,"",
"0001112223","CK",11/30/2024,($75.95),"DEBITCARD: Hardware Store","","Home",$41728.55,"",
"0001112223","CK",12/1/2024,$3800.00,"ACH:VISTA TECH PAYROLL","","Misc. Income",$45528.55,"",
"0001112223","CK",12/1/2024,($39.52),"DEBITCARD: Pharmacy","","Health",$45489.03,"",
"0001112223","CK",12/1/2024,($47.99),"DEBITCARD: Pharmacy","","Health",$45441.04,"",
"0001112223","CK",12/1/2024,($39.52),"DEBITCARD: Clothing Store","","Shopping",$45401.52,"",
"0001112223","CK",12/2/2024,($2189.00),"ACH:Redwood Grove RENT","","Mortgage / Rent",$43212.52,"",
"0001112223","CK",12/2/2024,($245.00),"ACH:HEALTH INSURANCE","","Insurance",$42967.52,"",
"0001112223","CK",12/4/2024,($425.00),"ACH:AUTO LOAN PAYMENT","","Auto & Transport",$42542.52,"budgeteer:goal=Auto Loan Down-payment",
"0001112223","CK",12/6/2024,($79.99),"ACH:ISP INTERNET BILL","","Internet",$42462.53,"",
"0001112223","CK",12/6/2024,($49.32),"DEBITCARD: Pet Supplies","","Pets",$42413.21,"",
"0001112223","CK",12/6/2024,($8.19),"DEBITCARD: Pharmacy","","Health",$42405.02,"",
"0001112223","CK",12/7/2024,($30.52),"DEBITCARD: Gas Station","","Gas / Fuel",$42374.50,"",
"0001112223","CK",12/8/2024,$274.52,"ACH:MOONLIGHT GIG","","Misc. Income",$42649.02,"Side work",
"0001112223","CK",12/8/2024,($84.55),"DEBITCARD: Hardware Store","","Home",$42564.47,"",
"0001112223","CK",12/9/2024,($39.99),"ACH:GYM MEMBERSHIP","","Health",$42524.48,"",
"0001112223","CK",12/9/2024,($36.14),"DEBITCARD: Pet Supplies","","Pets",$42488.34,"",
"0001112223","CK",12/9/2024,($5.03),"DEBITCARD: Streaming Add-on","","Entertainment",$42483.31,"",
"0001112223","CK",12/9/2024,($33.23),"DEBITCARD: Pet Supplies","","Pets",$42450.08,"",
"0001112223","CK",12/10/2024,($19.99),"ACH:STREAMING SUBSCRIPTION","","Entertainment",$42430.09,"",
"0001112223","CK",12/10/2024,($68.00),"ACH:MOBILE PHONE","","Utilities",$42362.09,"",
"0001112223","CK",12/10/2024,($41.03),"DEBITCARD: Pet Supplies","","Pets",$42321.06,"",
"0001112223","CK",12/10/2024,($102.35),"DEBITCARD: Event Tickets","","Entertainment",$42218.71,"",
"0001112223","CK",12/12/2024,($210.00),"ACH:STUDENT LOAN SERVICER","","Loans",$42008.71,"",
"0001112223","CK",12/13/2024,($38.71),"DEBITCARD: Restaurant","","Food & Drink",$41970.00,"",
"0001112223","CK",12/13/2024,($98.34),"DEBITCARD: Grocery Store","","Groceries",$41871.66,"",
"0001112223","CK",12/13/2024,($8.49),"DEBITCARD: Streaming Add-on","","Entertainment",$41863.17,"",
"0001112223","CK",12/14/2024,($158.11),"ACH:ELECTRIC BILL","","Utilities",$41705.06,"",
"0001112223","CK",12/14/2024,($36.95),"DEBITCARD: Gas Station","","Gas / Fuel",$41668.11,"",
"0001112223","CK",12/15/2024,$3800.00,"ACH:VISTA TECH PAYROLL","","Misc. Income",$45468.11,"",
"0001112223","CK",12/15/2024,($12.18),"DEBITCARD: Pet Supplies","","Pets",$45455.93,"",
"0001112223","CK",12/16/2024,($116.71),"DEBITCARD: Clothing Store","","Shopping",$45339.22,"",
"0001112223","CK",12/16/2024,($35.62),"DEBITCARD: Gas Station","","Gas / Fuel",$45303.60,"",
"0001112223","CK",12/17/2024,($750.00),"Web Branch:TFR TO SV 0001112223","","Transfer",$44553.60,"budgeteer:apply=savings",
"0001112223","CK",12/18/2024,$526.71,"ACH:MOONLIGHT GIG","","Misc. Income",$45080.31,"Side work",
"0001112223","CK",12/19/2024,($32.09),"DEBITCARD: Gas Station","","Gas / Fuel",$45048.22,"",
"0001112223","CK",12/19/2024,($41.55),"DEBITCARD: Pet Supplies","","Pets",$45006.67,"",
"0001112223","CK",12/20/2024,($58.94),"DEBITCARD: Restaurant","","Food & Drink",$44947.73,"",
"0001112223","CK",12/20/2024,($88.91),"DEBITCARD: Event Tickets","","Entertainment",$44858.82,"",
"0001112223","CK",12/22/2024,($33.49),"DEBITCARD: Restaurant","","Food & Drink",$44825.33,"",
"0001112223","CK",12/22/2024,($19.61),"DEBITCARD: Restaurant","","Food & Drink",$44805.72,"",
"0001112223","CK",12/23/2024,($42.68),"ACH:WATER BILL","","Utilities",$44763.04,"",
"0001112223","CK",12/24/2024,($14.50),"DEBITCARD: Ride Share","","Auto & Transport",$44748.54,"",
"0001112223","CK",12/24/2024,($37.02),"DEBITCARD: Pharmacy","","Health",$44711.52,"",
"0001112223","CK",12/25/2024,($4.36),"DEBITCARD: Coffee Shop","","Food & Drink",$44707.16,"",
"0001112223","CK",12/26/2024,($10.49),"DEBITCARD: Streaming Add-on","","Entertainment",$44696.67,"",
"0001112223","CK",12/27/2024,($660.66),"ACH:CREDIT CARD PAYMENT","","Credit Card",$44036.01,"",
"0001112223","CK",12/27/2024,$5.63,"DIVIDEND PAYMENT","","Misc. Income",$44041.64,"",
"0001112223","CK",12/28/2024,($161.06),"DEBITCARD: Event Tickets","","Entertainment",$43880.58,"",
"0001112223","CK",12/29/2024,($196.12),"DEBITCARD: Event Tickets","","Entertainment",$43684.46,"",
"0001112223","CK",12/30/2024,($133.78),"DEBITCARD: Grocery Store","","Groceries",$43550.68,"",
"0001112223","CK",12/31/2024,($39.14),"DEBITCARD: Pharmacy","","Health",$43511.54,"",
"0001112223","CK",1/1/2025,$3800.00,"ACH:VISTA TECH PAYROLL","","Misc. Income",$47311.54,"",
"0001112223","CK",1/2/2025,($2189.00),"ACH:Redwood Grove RENT","","Mortgage / Rent",$45122.54,"",
"0001112223","CK",1/3/2025,($245.00),"ACH:HEALTH INSURANCE","","Insurance",$44877.54,"",
"0001112223","CK",1/4/2025,($18.62),"DEBITCARD: Books","","Shopping",$44858.92,"",
"0001112223","CK",1/4/2025,($29.81),"DEBITCARD: Books","","Shopping",$44829.11,"",
"0001112223","CK",1/6/2025,($425.00),"ACH:AUTO LOAN PAYMENT","","Auto & Transport",$44404.11,"budgeteer:goal=Auto Loan Down-payment",
"0001112223","CK",1/6/2025,($79.99),"ACH:ISP INTERNET BILL","","Internet",$44324.12,"",
"0001112223","CK",1/8/2025,($52.42),"DEBITCARD: Hardware Store","","Home",$44271.70,"",
"0001112223","CK",1/8/2025,($4.14),"DEBITCARD: Coffee Shop","","Food & Drink",$44267.56,"",
"0001112223","CK",1/9/2025,($39.99),"ACH:GYM MEMBERSHIP","","Health",$44227.57,"",
"0001112223","CK",1/9/2025,($21.15),"DEBITCARD: Hardware Store","","Home",$44206.42,"",
"0001112223","CK",1/10/2025,($19.99),"ACH:STREAMING SUBSCRIPTION","","Entertainment",$44186.43,"",
"0001112223","CK",1/11/2025,($68.00),"ACH:MOBILE PHONE","","Utilities",$44118.43,"",
"0001112223","CK",1/11/2025,($7.29),"DEBITCARD: Ride Share","","Auto & Transport",$44111.14,"",
"0001112223","CK",1/11/2025,($8.59),"DEBITCARD: Ride Share","","Auto & Transport",$44102.55,"",
"0001112223","CK",1/11/2025,($40.95),"DEBITCARD: Hardware Store","","Home",$44061.60,"",
"0001112223","CK",1/12/2025,($210.00),"ACH:STUDENT LOAN SERVICER","","Loans",$43851.60,"",
"0001112223","CK",1/12/2025,($23.02),"DEBITCARD: Books","","Shopping",$43828.58,"",
"0001112223","CK",1/12/2025,($67.83),"DEBITCARD: Gas Station","","Gas / Fuel",$43760.75,"",
"0001112223","CK",1/12/2025,($15.36),"DEBITCARD: Pet Supplies","","Pets",$43745.39,"",
"0001112223","CK",1/13/2025,($173.61),"ACH:ELECTRIC BILL","","Utilities",$43571.78,"",
"0001112223","CK",1/14/2025,($43.64),"DEBITCARD: Gas Station","","Gas / Fuel",$43528.14,"",
"0001112223","CK",1/14/2025,($49.41),"DEBITCARD: Restaurant","","Food & Drink",$43478.73,"",
"0001112223","CK",1/15/2025,$3800.00,"ACH:VISTA TECH PAYROLL","","Misc. Income",$47278.73,"",
"0001112223","CK",1/15/2025,($24.73),"DEBITCARD: Hardware Store","","Home",$47254.00,"",
"0001112223","CK",1/15/2025,($9.65),"DEBITCARD: Pharmacy","","Health",$47244.35,"",
"0001112223","CK",1/16/2025,($750.00),"Web Branch:TFR TO SV 0001112223","","Transfer",$46494.35,"budgeteer:apply=savings",
"0001112223","CK",1/16/2025,($56.63),"DEBITCARD: Restaurant","","Food & Drink",$46437.72,"",
"0001112223","CK",1/17/2025,($63.71),"DEBITCARD: Pharmacy","","Health",$46374.01,"",
"0001112223","CK",1/18/2025,($43.31),"DEBITCARD: Pet Supplies","","Pets",$46330.70,"",
"0001112223","CK",1/19/2025,($53.54),"DEBITCARD: Gas Station","","Gas / Fuel",$46277.16,"",
"0001112223","CK",1/19/2025,($22.46),"DEBITCARD: Ride Share","","Auto & Transport",$46254.70,"",
"0001112223","CK",1/21/2025,($85.71),"DEBITCARD: Event Tickets","","Entertainment",$46168.99,"",
"0001112223","CK",1/21/2025,($38.18),"DEBITCARD: Pet Supplies","","Pets",$46130.81,"",
"0001112223","CK",1/22/2025,($38.83),"ACH:WATER BILL","","Utilities",$46091.98,"",
"0001112223","CK",1/23/2025,($8.06),"DEBITCARD: Streaming Add-on","","Entertainment",$46083.92,"",
"0001112223","CK",1/23/2025,($42.64),"DEBITCARD: Event Tickets","","Entertainment",$46041.28,"",
"0001112223","CK",1/23/2025,($49.66),"DEBITCARD: Hardware Store","","Home",$45991.62,"",
"0001112223","CK",1/24/2025,($1510.59),"ACH:CREDIT CARD PAYMENT","","Credit Card",$44481.03,"",
"0001112223","CK",1/24/2025,($58.08),"DEBITCARD: Pharmacy","","Health",$44422.95,"",
"0001112223","CK",1/24/2025,($31.38),"DEBITCARD: Clothing Store","","Shopping",$44391.57,"",
"0001112223","CK",1/25/2025,($14.40),"DEBITCARD: Books","","Shopping",$44377.17,"",
"0001112223","CK",1/27/2025,($216.53),"DEBITCARD: Event Tickets","","Entertainment",$44160.64,"",
"0001112223","CK",1/28/2025,($79.24),"DEBITCARD: Hardware Store","","Home",$44081.40,"",
"0001112223","CK",1/29/2025,($153.93),"DEBITCARD: Event Tickets","","Entertainment",$43927.47,"",
"0001112223","CK",1/29/2025,($92.20),"DEBITCARD: Clothing Store","","Shopping",$43835.27,"",
"0001112223","CK",1/29/2025,($8.37),"DEBITCARD: Coffee Shop","","Food & Drink",$43826.90,"",
"0001112223","CK",1/30/2025,($6.32),"DEBITCARD: Coffee Shop","","Food & Drink",$43820.58,"",
"0001112223","CK",1/30/2025,($21.42),"DEBITCARD: Books","","Shopping",$43799.16,"",
"0001112223","CK",1/31/2025,($199.02),"DEBITCARD: Grocery Store","","Groceries",$43600.14,"",
"0001112223","CK",2/1/2025,$3800.00,"ACH:VISTA TECH PAYROLL","","Misc. Income",$47400.14,"",
"0001112223","CK",2/1/2025,($13.71),"DEBITCARD: Books","","Shopping",$47386.43,"",
"0001112223","CK",2/2/2025,($2189.00),"ACH:Redwood Grove RENT","","Mortgage / Rent",$45197.43,"",
"0001112223","CK",2/2/2025,($245.00),"ACH:HEALTH INSURANCE","","Insurance",$44952.43,"",
"0001112223","CK",2/2/2025,($6.14),"DEBITCARD: Coffee Shop","","Food & Drink",$44946.29,"",
"0001112223","CK",2/2/2025,($48.90),"DEBITCARD: Hardware Store","","Home",$44897.39,"",
"0001112223","CK",2/4/2025,($89.99),"DEBITCARD: Clothing Store","","Shopping",$44807.40,"",
"0001112223","CK",2/4/2025,($26.05),"DEBITCARD: Ride Share","","Auto & Transport",$44781.35,"",
"0001112223","CK",2/4/2025,($22.07),"DEBITCARD: Clothing Store","","Shopping",$44759.28,"",
"0001112223","CK",2/5/2025,($425.00),"ACH:AUTO LOAN PAYMENT","","Auto & Transport",$44334.28,"budgeteer:goal=Auto Loan Down-payment",
"0001112223","CK",2/6/2025,($79.99),"ACH:ISP INTERNET BILL","","Internet",$44254.29,"",
"0001112223","CK",2/6/2025,($17.86),"DEBITCARD: Books","","Shopping",$44236.43,"",
"0001112223","CK",2/7/2025,($39.99),"ACH:GYM MEMBERSHIP","","Health",$44196.44,"",
"0001112223","CK",2/8/2025,($6.32),"DEBITCARD: Streaming Add-on","","Entertainment",$44190.12,"",
"0001112223","CK",2/8/2025,($18.50),"DEBITCARD: Pharmacy","","Health",$44171.62,"",
"0001112223","CK",2/8/2025,($39.78),"DEBITCARD: Restaurant","","Food & Drink",$44131.84,"",
"0001112223","CK",2/9/2025,($19.99),"ACH:STREAMING SUBSCRIPTION","","Entertainment",$44111.85,"",
"0001112223","CK",2/10/2025,($68.00),"ACH:MOBILE PHONE","","Utilities",$44043.85,"",
"0001112223","CK",2/10/2025,($33.18),"DEBITCARD: Pharmacy","","Health",$44010.67,"",
"0001112223","CK",2/11/2025,($210.00),"ACH:STUDENT LOAN SERVICER","","Loans",$43800.67,"",
"0001112223","CK",2/11/2025,($22.40),"DEBITCARD: Books","","Shopping",$43778.27,"",
"0001112223","CK",2/12/2025,($189.11),"ACH:ELECTRIC BILL","","Utilities",$43589.16,"",
"0001112223","CK",2/12/2025,($47.18),"DEBITCARD: Clothing Store","","Shopping",$43541.98,"",
"0001112223","CK",2/13/2025,($80.06),"DEBITCARD: Clothing Store","","Shopping",$43461.92,"",
"0001112223","CK",2/14/2025,($73.53),"DEBITCARD: Gas Station","","Gas / Fuel",$43388.39,"",
"0001112223","CK",2/14/2025,($19.10),"DEBITCARD: Ride Share","","Auto & Transport",$43369.29,"",
"0001112223","CK",2/15/2025,$3800.00,"ACH:VISTA TECH PAYROLL","","Misc. Income",$47169.29,"",
"0001112223","CK",2/15/2025,($38.42),"DEBITCARD: Hardware Store","","Home",$47130.87,"",
"0001112223","CK",2/15/2025,($86.58),"DEBITCARD: Clothing Store","","Shopping",$47044.29,"",
"0001112223","CK",2/15/2025,($11.16),"DEBITCARD: Streaming Add-on","","Entertainment",$47033.13,"",
"0001112223","CK",2/16/2025,($750.00),"Web Branch:TFR TO SV 0001112223","","Transfer",$46283.13,"budgeteer:apply=savings",
"0001112223","CK",2/16/2025,($32.20),"DEBITCARD: Pharmacy","","Health",$46250.93,"",
"0001112223","CK",2/16/2025,($65.67),"DEBITCARD: Clothing Store","","Shopping",$46185.26,"",
"0001112223","CK",2/16/2025,($5.22),"DEBITCARD: Streaming Add-on","","Entertainment",$46180.04,"",
"0001112223","CK",2/17/2025,($61.85),"DEBITCARD: Restaurant","","Food & Drink",$46118.19,"",
"0001112223","CK",2/18/2025,($3.53),"DEBITCARD: Coffee Shop","","Food & Drink",$46114.66,"",
"0001112223","CK",2/20/2025,($35.93),"DEBITCARD: Clothing Store","","Shopping",$46078.73,"",
"0001112223","CK",2/20/2025,($9.51),"DEBITCARD: Pharmacy","","Health",$46069.22,"",
"0001112223","CK",2/21/2025,($52.73),"DEBITCARD: Hardware Store","","Home",$46016.49,"",
"0001112223","CK",2/22/2025,($47.98),"ACH:WATER BILL","","Utilities",$45968.51,"",
"0001112223","CK",2/23/2025,($77.47),"DEBITCARD: Gas Station","","Gas / Fuel",$45891.04,"",
"0001112223","CK",2/23/2025,($6.17),"DEBITCARD: Streaming Add-on","","Entertainment",$45884.87,"",
"0001112223","CK",2/24/2025,($8.11),"DEBITCARD: Streaming Add-on","","Entertainment",$45876.76,"",
"0001112223","CK",2/25/2025,($47.62),"DEBITCARD: Pet Supplies","","Pets",$45829.14,"",
"0001112223","CK",2/26/2025,($1160.52),"ACH:CREDIT CARD PAYMENT","","Credit Card",$44668.62,"",
"0001112223","CK",2/26/2025,($32.08),"DEBITCARD: Restaurant","","Food & Drink",$44636.54,"",
"0001112223","CK",2/26/2025,($148.50),"DEBITCARD: Grocery Store","","Groceries",$44488.04,"",
"0001112223","CK",2/26/2025,($71.07),"DEBITCARD: Clothing Store","","Shopping",$44416.97,"",
"0001112223","CK",2/27/2025,($10.23),"DEBITCARD: Streaming Add-on","","Entertainment",$44406.74,"",
"0001112223","CK",2/27/2025,($11.15),"DEBITCARD: Streaming Add-on","","Entertainment",$44395.59,"",
"0001112223","CK",3/1/2025,$3800.00,"ACH:VISTA TECH PAYROLL","","Misc. Income",$48195.59,"",
"0001112223","CK",3/1/2025,($34.18),"DEBITCARD: Pet Supplies","","Pets",$48161.41,"",
"0001112223","CK",3/1/2025,($43.04),"DEBITCARD: Pet Supplies","","Pets",$48118.37,"",
"0001112223","CK",3/2/2025,($2189.00),"ACH:Redwood Grove RENT","","Mortgage / Rent",$45929.37,"",
"0001112223","CK",3/2/2025,($164.11),"DEBITCARD: Event Tickets","","Entertainment",$45765.26,"",
"0001112223","CK",3/3/2025,($245.00),"ACH:HEALTH INSURANCE","","Insurance",$45520.26,"",
"0001112223","CK",3/3/2025,($31.41),"DEBITCARD: Restaurant","","Food & Drink",$45488.85,"",
"0001112223","CK",3/4/2025,($425.00),"ACH:AUTO LOAN PAYMENT","","Auto & Transport",$45063.85,"budgeteer:goal=Auto Loan Down-payment",
"0001112223","CK",3/4/2025,($51.16),"DEBITCARD: Hardware Store","","Home",$45012.69,"",
"0001112223","CK",3/5/2025,($60.22),"DEBITCARD: Clothing Store","","Shopping",$44952.47,"",
"0001112223","CK",3/5/2025,($119.45),"DEBITCARD: Clothing Store","","Shopping",$44833.02,"",
"0001112223","CK",3/6/2025,($79.99),"ACH:ISP INTERNET BILL","","Internet",$44753.03,"",
"0001112223","CK",3/7/2025,($39.99),"ACH:GYM MEMBERSHIP","","Health",$44713.04,"",
"0001112223","CK",3/7/2025,($27.48),"DEBITCARD: Ride Share","","Auto & Transport",$44685.56,"",
"0001112223","CK",3/8/2025,($19.99),"ACH:STREAMING SUBSCRIPTION","","Entertainment",$44665.57,"",
"0001112223","CK",3/8/2025,($11.03),"DEBITCARD: Pharmacy","","Health",$44654.54,"",
"0001112223","CK",3/8/2025,($47.47),"DEBITCARD: Pet Supplies","","Pets",$44607.07,"",
"0001112223","CK",3/10/2025,($68.42),"DEBITCARD: Gas Station","","Gas / Fuel",$44538.65,"",
"0001112223","CK",3/11/2025,($68.00),"ACH:MOBILE PHONE","","Utilities",$44470.65,"",
"0001112223","CK",3/11/2025,($129.61),"ACH:ELECTRIC BILL","","Utilities",$44341.04,"",
"0001112223","CK",3/13/2025,($210.00),"ACH:STUDENT LOAN SERVICER","","Loans",$44131.04,"",
"0001112223","CK",3/13/2025,($15.98),"DEBITCARD: Books","","Shopping",$44115.06,"",
"0001112223","CK",3/13/2025,($31.07),"DEBITCARD: Restaurant","","Food & Drink",$44083.99,"",
"0001112223","CK",3/14/2025,($157.95),"DEBITCARD: Grocery Store","","Groceries",$43926.04,"",
"0001112223","CK",3/14/2025,($52.89),"DEBITCARD: Pharmacy","","Health",$43873.15,"",
"0001112223","CK",3/15/2025,$3800.00,"ACH:VISTA TECH PAYROLL","","Misc. Income",$47673.15,"",
"0001112223","CK",3/15/2025,($750.00),"Web Branch:TFR TO SV 0001112223","","Transfer",$46923.15,"budgeteer:apply=savings",
"0001112223","CK",3/15/2025,($37.48),"DEBITCARD: Pharmacy","","Health",$46885.67,"",
"0001112223","CK",3/15/2025,($144.59),"DEBITCARD: Grocery Store","","Groceries",$46741.08,"",
"0001112223","CK",3/16/2025,($28.25),"DEBITCARD: Hardware Store","","Home",$46712.83,"",
"0001112223","CK",3/16/2025,($53.70),"DEBITCARD: Event Tickets","","Entertainment",$46659.13,"",
"0001112223","CK",3/18/2025,($48.37),"DEBITCARD: Pet Supplies","","Pets",$46610.76,"",
"0001112223","CK",3/19/2025,($47.48),"DEBITCARD: Restaurant","","Food & Drink",$46563.28,"",
"0001112223","CK",3/21/2025,($44.13),"ACH:WATER BILL","","Utilities",$46519.15,"",
"0001112223","CK",3/21/2025,($84.88),"DEBITCARD: Grocery Store","","Groceries",$46434.27,"",
"0001112223","CK",3/21/2025,($62.93),"DEBITCARD: Restaurant","","Food & Drink",$46371.34,"",
"0001112223","CK",3/22/2025,($59.40),"DEBITCARD: Gas Station","","Gas / Fuel",$46311.94,"",
"0001112223","CK",3/22/2025,($25.80),"DEBITCARD: Ride Share","","Auto & Transport",$46286.14,"",
"0001112223","CK",3/22/2025,($201.27),"DEBITCARD: Grocery Store","","Groceries",$46084.87,"",
"0001112223","CK",3/23/2025,($6.67),"DEBITCARD: Streaming Add-on","","Entertainment",$46078.20,"",
"0001112223","CK",3/24/2025,($27.93),"DEBITCARD: Restaurant","","Food & Drink",$46050.27,"",
"0001112223","CK",3/25/2025,($7.01),"DEBITCARD: Ride Share","","Auto & Transport",$46043.26,"",
"0001112223","CK",3/27/2025,($810.44),"ACH:CREDIT CARD PAYMENT","","Credit Card",$45232.82,"",
"0001112223","CK",3/27/2025,($144.09),"DEBITCARD: Grocery Store","","Groceries",$45088.73,"",
"0001112223","CK",3/27/2025,($27.13),"DEBITCARD: Books","","Shopping",$45061.60,"",
"0001112223","CK",3/28/2025,($57.17),"DEBITCARD: Hardware Store","","Home",$45004.43,"",
"0001112223","CK",3/30/2025,($10.90),"DEBITCARD: Streaming Add-on","","Entertainment",$44993.53,"",
"0001112223","CK",3/31/2025,($25.34),"DEBITCARD: Ride Share","","Auto & Transport",$44968.19,"",
"0001112223","CK",3/31/2025,($107.90),"DEBITCARD: Grocery Store","","Groceries",$44860.29,"",
"0001112223","CK",3/31/2025,($162.61),"DEBITCARD: Grocery Store","","Groceries",$44697.68,"",
"0001112223","CK",4/1/2025,$3800.00,"ACH:VISTA TECH PAYROLL","","Misc. Income",$48497.68,"",
"0001112223","CK",4/1/2025,($10.55),"DEBITCARD: Streaming Add-on","","Entertainment",$48487.13,"",
"0001112223","CK",4/1/2025,($76.43),"DEBITCARD: Gas Station","","Gas / Fuel",$48410.70,"",
"0001112223","CK",4/1/2025,($137.85),"DEBITCARD: Grocery Store","","Groceries",$48272.85,"",
"0001112223","CK",4/2/2025,($2189.00),"ACH:Redwood Grove RENT","","Mortgage / Rent",$46083.85,"",
"0001112223","CK",4/2/2025,($245.00),"ACH:HEALTH INSURANCE","","Insurance",$45838.85,"",
"0001112223","CK",4/2/2025,($144.80),"DEBITCARD: Event Tickets","","Entertainment",$45694.05,"",
"0001112223","CK",4/2/2025,($16.80),"DEBITCARD: Restaurant","","Food & Drink",$45677.25,"",
"0001112223","CK",4/3/2025,($17.00),"DEBITCARD: Ride Share","","Auto & Transport",$45660.25,"",
"0001112223","CK",4/4/2025,($425.00),"ACH:AUTO LOAN PAYMENT","","Auto & Transport",$45235.25,"budgeteer:goal=Auto Loan Down-payment",
"0001112223","CK",4/6/2025,($79.99),"ACH:ISP INTERNET BILL","","Internet",$45155.26,"",
"0001112223","CK",4/7/2025,($49.01),"DEBITCARD: Restaurant","","Food & Drink",$45106.25,"",
"0001112223","CK",4/8/2025,($39.99),"ACH:GYM MEMBERSHIP","","Health",$45066.26,"",
"0001112223","CK",4/8/2025,($49.85),"DEBITCARD: Hardware Store","","Home",$45016.41,"",
"0001112223","CK",4/8/2025,($91.30),"DEBITCARD: Event Tickets","","Entertainment",$44925.11,"",
"0001112223","CK",4/9/2025,($68.00),"ACH:MOBILE PHONE","","Utilities",$44857.11,"",
"0001112223","CK",4/10/2025,($19.99),"ACH:STREAMING SUBSCRIPTION","","Entertainment",$44837.12,"",
"0001112223","CK",4/11/2025,($6.75),"DEBITCARD: Streaming Add-on","","Entertainment",$44830.37,"",
"0001112223","CK",4/12/2025,($210.00),"ACH:STUDENT LOAN SERVICER","","Loans",$44620.37,"",
"0001112223","CK",4/13/2025,($27.21),"DEBITCARD: Books","","Shopping",$44593.16,"",
"0001112223","CK",4/14/2025,($121.92),"DEBITCARD: Grocery Store","","Groceries",$44471.24,"",
"0001112223","CK",4/15/2025,$3800.00,"ACH:VISTA TECH PAYROLL","","Misc. Income",$48271.24,"",
"0001112223","CK",4/15/2025,($145.12),"ACH:ELECTRIC BILL","","Utilities",$48126.12,"",
"0001112223","CK",4/15/2025,($25.94),"DEBITCARD: Ride Share","","Auto & Transport",$48100.18,"",
"0001112223","CK",4/16/2025,($9.67),"DEBITCARD: Streaming Add-on","","Entertainment",$48090.51,"",
"0001112223","CK",4/16/2025,($21.19),"DEBITCARD: Pet Supplies","","Pets",$48069.32,"",
"0001112223","CK",4/16/2025,($94.89),"DEBITCARD: Grocery Store","","Groceries",$47974.43,"",
"0001112223","CK",4/16/2025,($198.31),"DEBITCARD: Event Tickets","","Entertainment",$47776.12,"",
"0001112223","CK",4/17/2025,($750.00),"Web Branch:TFR TO SV 0001112223","","Transfer",$47026.12,"budgeteer:apply=savings",
"0001112223","CK",4/18/2025,($31.80),"DEBITCARD: Hardware Store","","Home",$46994.32,"",
"0001112223","CK",4/18/2025,($142.50),"DEBITCARD: Grocery Store","","Groceries",$46851.82,"",
"0001112223","CK",4/19/2025,($129.42),"DEBITCARD: Clothing Store","","Shopping",$46722.40,"",
"0001112223","CK",4/19/2025,($174.51),"DEBITCARD: Event Tickets","","Entertainment",$46547.89,"",
"0001112223","CK",4/20/2025,($40.28),"ACH:WATER BILL","","Utilities",$46507.61,"",
"0001112223","CK",4/20/2025,($9.28),"DEBITCARD: Streaming Add-on","","Entertainment",$46498.33,"",
"0001112223","CK",4/23/2025,($7.67),"DEBITCARD: Ride Share","","Auto & Transport",$46490.66,"",
"0001112223","CK",4/24/2025,($1660.37),"ACH:CREDIT CARD PAYMENT","","Credit Card",$44830.29,"",
"0001112223","CK",4/24/2025,($24.41),"DEBITCARD: Pet Supplies","","Pets",$44805.88,"",
"0001112223","CK",4/24/2025,($40.88),"DEBITCARD: Hardware Store","","Home",$44765.00,"",
"0001112223","CK",4/25/2025,($22.40),"DEBITCARD: Books","","Shopping",$44742.60,"",
"0001112223","CK",4/25/2025,($33.05),"DEBITCARD: Pet Supplies","","Pets",$44709.55,"",
"0001112223","CK",4/26/2025,($8.86),"DEBITCARD: Streaming Add-on","","Entertainment",$44700.69,"",
"0001112223","CK",4/26/2025,($41.24),"DEBITCARD: Gas Station","","Gas / Fuel",$44659.45,"",
"0001112223","CK",4/27/2025,($7.67),"DEBITCARD: Streaming Add-on","","Entertainment",$44651.78,"",
"0001112223","CK",4/28/2025,($43.75),"DEBITCARD: Pet Supplies","","Pets",$44608.03,"",
"0001112223","CK",4/28/2025,($16.04),"DEBITCARD: Restaurant","","Food & Drink",$44591.99,"",
"0001112223","CK",4/28/2025,($33.67),"DEBITCARD: Clothing Store","","Shopping",$44558.32,"",
"0001112223","CK",4/29/2025,($12.90),"DEBITCARD: Books","","Shopping",$44545.42,"",
"0001112223","CK",4/29/2025,($26.75),"DEBITCARD: Ride Share","","Auto & Transport",$44518.67,"",
"0001112223","CK",4/30/2025,($46.62),"DEBITCARD: Restaurant","","Food & Drink",$44472.05,"",
"0001112223","CK",5/1/2025,$3800.00,"ACH:VISTA TECH PAYROLL","","Misc. Income",$48272.05,"",
"0001112223","CK",5/1/2025,($158.59),"DEBITCARD: Event Tickets","","Entertainment",$48113.46,"",
"0001112223","CK",5/2/2025,($2189.00),"ACH:Redwood Grove RENT","","Mortgage / Rent",$45924.46,"",
"0001112223","CK",5/2/2025,($5.59),"DEBITCARD: Streaming Add-on","","Entertainment",$45918.87,"",
"0001112223","CK",5/2/2025,($15.73),"DEBITCARD: Pet Supplies","","Pets",$45903.14,"",
"0001112223","CK",5/2/2025,($15.83),"DEBITCARD: Books","","Shopping",$45887.31,"",
"0001112223","CK",5/3/2025,($245.00),"ACH:HEALTH INSURANCE","","Insurance",$45642.31,"",
"0001112223","CK",5/3/2025,($5.33),"DEBITCARD: Coffee Shop","","Food & Drink",$45636.98,"",
"0001112223","CK",5/3/2025,($67.92),"DEBITCARD: Hardware Store","","Home",$45569.06,"",
"0001112223","CK",5/6/2025,($425.00),"ACH:AUTO LOAN PAYMENT","","Auto & Transport",$45144.06,"budgeteer:goal=Auto Loan Down-payment",
"0001112223","CK",5/6/2025,($79.99),"ACH:ISP INTERNET BILL","","Internet",$45064.07,"",
"0001112223","CK",5/6/2025,$275.80,"ACH:MOONLIGHT GIG","","Misc. Income",$45339.87,"Side work",
"0001112223","CK",5/6/2025,($52.36),"DEBITCARD: Pet Supplies","","Pets",$45287.51,"",
"0001112223","CK",5/6/2025,($10.08),"DEBITCARD: Pharmacy","","Health",$45277.43,"",
"0001112223","CK",5/7/2025,($76.70),"DEBITCARD: Clothing Store","","Shopping",$45200.73,"",
"0001112223","CK",5/8/2025,($39.99),"ACH:GYM MEMBERSHIP","","Health",$45160.74,"",
"0001112223","CK",5/9/2025,($19.99),"ACH:STREAMING SUBSCRIPTION","","Entertainment",$45140.75,"",
"0001112223","CK",5/9/2025,($44.97),"DEBITCARD: Restaurant","","Food & Drink",$45095.78,"",
"0001112223","CK",5/9/2025,($169.97),"DEBITCARD: Event Tickets","","Entertainment",$44925.81,"",
"0001112223","CK",5/10/2025,($22.35),"DEBITCARD: Pharmacy","","Health",$44903.46,"",
"0001112223","CK",5/11/2025,($68.00),"ACH:MOBILE PHONE","","Utilities",$44835.46,"",
"0001112223","CK",5/11/2025,($210.00),"ACH:STUDENT LOAN SERVICER","","Loans",$44625.46,"",
"0001112223","CK",5/13/2025,($6.51),"DEBITCARD: Streaming Add-on","","Entertainment",$44618.95,"",
"0001112223","CK",5/14/2025,($120.62),"ACH:ELECTRIC BILL","","Utilities",$44498.33,"",
"0001112223","CK",5/14/2025,($17.73),"DEBITCARD: Restaurant","","Food & Drink",$44480.60,"",
"0001112223","CK",5/15/2025,$3800.00,"ACH:VISTA TECH PAYROLL","","Misc. Income",$48280.60,"",
"0001112223","CK",5/15/2025,($8.09),"DEBITCARD: Coffee Shop","","Food & Drink",$48272.51,"",
"0001112223","CK",5/17/2025,($750.00),"Web Branch:TFR TO SV 0001112223","","Transfer",$47522.51,"budgeteer:apply=savings",
"0001112223","CK",5/17/2025,($75.91),"DEBITCARD: Gas Station","","Gas / Fuel",$47446.60,"",
"0001112223","CK",5/18/2025,($79.58),"DEBITCARD: Clothing Store","","Shopping",$47367.02,"",
"0001112223","CK",5/20/2025,($49.43),"ACH:WATER BILL","","Utilities",$47317.59,"",
"0001112223","CK",5/20/2025,($124.05),"DEBITCARD: Event Tickets","","Entertainment",$47193.54,"",
"0001112223","CK",5/20/2025,($100.05),"DEBITCARD: Clothing Store","","Shopping",$47093.49,"",
"0001112223","CK",5/20/2025,($36.11),"DEBITCARD: Hardware Store","","Home",$47057.38,"",
"0001112223","CK",5/20/2025,($9.97),"DEBITCARD: Books","","Shopping",$47047.41,"",
"0001112223","CK",5/20/2025,($44.25),"DEBITCARD: Restaurant","","Food & Drink",$47003.16,"",
"0001112223","CK",5/20/2025,($13.36),"DEBITCARD: Books","","Shopping",$46989.80,"",
"0001112223","CK",5/22/2025,($35.35),"DEBITCARD: Hardware Store","","Home",$46954.45,"",
"0001112223","CK",5/23/2025,($14.05),"DEBITCARD: Books","","Shopping",$46940.40,"",
"0001112223","CK",5/24/2025,($83.12),"DEBITCARD: Clothing Store","","Shopping",$46857.28,"",
"0001112223","CK",5/25/2025,($56.46),"DEBITCARD: Gas Station","","Gas / Fuel",$46800.82,"",
"0001112223","CK",5/26/2025,($1310.30),"ACH:CREDIT CARD PAYMENT","","Credit Card",$45490.52,"",
"0001112223","CK",5/27/2025,$227.22,"ACH:MOONLIGHT GIG","","Misc. Income",$45717.74,"Side work",
"0001112223","CK",5/28/2025,$12.19,"DIVIDEND PAYMENT","","Misc. Income",$45729.93,"",
"0001112223","CK",5/28/2025,($12.08),"DEBITCARD: Ride Share","","Auto & Transport",$45717.85,"",
"0001112223","CK",5/28/2025,($193.73),"DEBITCARD: Grocery Store","","Groceries",$45524.12,"",
"0001112223","CK",5/28/2025,($136.69),"DEBITCARD: Grocery Store","","Groceries",$45387.43,"",
"0001112223","CK",5/28/2025,($24.58),"DEBITCARD: Ride Share","","Auto & Transport",$45362.85,"",
"0001112223","CK",5/28/2025,($21.58),"DEBITCARD: Books","","Shopping",$45341.27,"",
"0001112223","CK",5/29/2025,($48.92),"DEBITCARD: Restaurant","","Food & Drink",$45292.35,"",
"0001112223","CK",6/1/2025,$3800.00,"ACH:VISTA TECH PAYROLL","","Misc. Income",$49092.35,"",
"0001112223","CK",6/1/2025,($245.00),"ACH:HEALTH INSURANCE","","Insurance",$48847.35,"",
"0001112223","CK",6/2/2025,($2189.00),"ACH:Redwood Grove RENT","","Mortgage / Rent",$46658.35,"",
"0001112223","CK",6/2/2025,($39.09),"DEBITCARD: Gas Station","","Gas / Fuel",$46619.26,"",
"0001112223","CK",6/3/2025,($21.94),"DEBITCARD: Pet Supplies","","Pets",$46597.32,"",
"0001112223","CK",6/3/2025,($161.71),"DEBITCARD: Grocery Store","","Groceries",$46435.61,"",
"0001112223","CK",6/3/2025,($150.51),"DEBITCARD: Event Tickets","","Entertainment",$46285.10,"",
"0001112223","CK",6/4/2025,($9.21),"DEBITCARD: Ride Share","","Auto & Transport",$46275.89,"",
"0001112223","CK",6/5/2025,($425.00),"ACH:AUTO LOAN PAYMENT","","Auto & Transport",$45850.89,"budgeteer:goal=Auto Loan Down-payment",
"0001112223","CK",6/7/2025,($79.99),"ACH:ISP INTERNET BILL","","Internet",$45770.90,"",
"0001112223","CK",6/7/2025,$440.06,"ACH:MOONLIGHT GIG","","Misc. Income",$46210.96,"Side work",
"0001112223","CK",6/7/2025,($81.19),"DEBITCARD: Grocery Store","","Groceries",$46129.77,"",
"0001112223","CK",6/7/2025,($54.30),"DEBITCARD: Hardware Store","","Home",$46075.47,"",
"0001112223","CK",6/8/2025,($19.99),"ACH:STREAMING SUBSCRIPTION","","Entertainment",$46055.48,"",
"0001112223","CK",6/8/2025,($11.12),"DEBITCARD: Pharmacy","","Health",$46044.36,"",
"0001112223","CK",6/9/2025,($39.99),"ACH:GYM MEMBERSHIP","","Health",$46004.37,"",
"0001112223","CK",6/9/2025,($68.00),"ACH:MOBILE PHONE","","Utilities",$45936.37,"",
"0001112223","CK",6/9/2025,($22.58),"DEBITCARD: Ride Share","","Auto & Transport",$45913.79,"",
"0001112223","CK",6/9/2025,($28.91),"DEBITCARD: Books","","Shopping",$45884.88,"",
"0001112223","CK",6/10/2025,($22.55),"DEBITCARD: Restaurant","","Food & Drink",$45862.33,"",
"0001112223","CK",6/10/2025,($29.88),"DEBITCARD: Books","","Shopping",$45832.45,"",
"0001112223","CK",6/10/2025,($137.09),"DEBITCARD: Event Tickets","","Entertainment",$45695.36,"",
"0001112223","CK",6/12/2025,($154.49),"DEBITCARD: Grocery Store","","Groceries",$45540.87,"",
"0001112223","CK",6/13/2025,($210.00),"ACH:STUDENT LOAN SERVICER","","Loans",$45330.87,"",
"0001112223","CK",6/13/2025,($191.12),"ACH:ELECTRIC BILL","","Utilities",$45139.75,"",
"0001112223","CK",6/13/2025,($42.58),"DEBITCARD: Event Tickets","","Entertainment",$45097.17,"",
"0001112223","CK",6/13/2025,($37.54),"DEBITCARD: Clothing Store","","Shopping",$45059.63,"",
"0001112223","CK",6/15/2025,$3800.00,"ACH:VISTA TECH PAYROLL","","Misc. Income",$48859.63,"",
"0001112223","CK",6/15/2025,($32.52),"DEBITCARD: Books","","Shopping",$48827.11,"",
"0001112223","CK",6/16/2025,($750.00),"Web Branch:TFR TO SV 0001112223","","Transfer",$48077.11,"budgeteer:apply=savings",
"0001112223","CK",6/16/2025,($190.43),"DEBITCARD: Grocery Store","","Groceries",$47886.68,"",
"0001112223","CK",6/16/2025,($148.21),"DEBITCARD: Event Tickets","","Entertainment",$47738.47,"",
"0001112223","CK",6/16/2025,($121.02),"DEBITCARD: Clothing Store","","Shopping",$47617.45,"",
"0001112223","CK",6/17/2025,($24.02),"DEBITCARD: Restaurant","","Food & Drink",$47593.43,"",
"0001112223","CK",6/18/2025,($77.55),"DEBITCARD: Hardware Store","","Home",$47515.88,"",
"0001112223","CK",6/18/2025,($27.15),"DEBITCARD: Ride Share","","Auto & Transport",$47488.73,"",
"0001112223","CK",6/19/2025,($69.83),"DEBITCARD: Hardware Store","","Home",$47418.90,"",
"0001112223","CK",6/20/2025,($4.63),"DEBITCARD: Coffee Shop","","Food & Drink",$47414.27,"",
"0001112223","CK",6/20/2025,($37.32),"DEBITCARD: Clothing Store","","Shopping",$47376.95,"",
"0001112223","CK",6/21/2025,($13.59),"DEBITCARD: Pet Supplies","","Pets",$47363.36,"",
"0001112223","CK",6/21/2025,($5.83),"DEBITCARD: Coffee Shop","","Food & Drink",$47357.53,"",
"0001112223","CK",6/23/2025,($12.44),"DEBITCARD: Pharmacy","","Health",$47345.09,"",
"0001112223","CK",6/23/2025,($51.08),"DEBITCARD: Restaurant","","Food & Drink",$47294.01,"",
"0001112223","CK",6/23/2025,($40.74),"DEBITCARD: Pharmacy","","Health",$47253.27,"",
"0001112223","CK",6/24/2025,($45.57),"ACH:WATER BILL","","Utilities",$47207.70,"",
"0001112223","CK",6/24/2025,($16.47),"DEBITCARD: Ride Share","","Auto & Transport",$47191.23,"",
"0001112223","CK",6/27/2025,($960.22),"ACH:CREDIT CARD PAYMENT","","Credit Card",$46231.01,"",
"0001112223","CK",6/27/2025,($28.14),"DEBITCARD: Pet Supplies","","Pets",$46202.87,"",
"0001112223","CK",6/29/2025,($51.97),"DEBITCARD: Pet Supplies","","Pets",$46150.90,"",
"0001112223","CK",6/30/2025,($25.51),"DEBITCARD: Books","","Shopping",$46125.39,"",
"0001112223","CK",7/1/2025,$3800.00,"ACH:VISTA TECH PAYROLL","","Misc. Income",$49925.39,"",
"0001112223","CK",7/1/2025,($2189.00),"ACH:Redwood Grove RENT","","Mortgage / Rent",$47736.39,"",
"0001112223","CK",7/1/2025,($61.96),"DEBITCARD: Gas Station","","Gas / Fuel",$47674.43,"",
"0001112223","CK",7/2/2025,($21.38),"DEBITCARD: Restaurant","","Food & Drink",$47653.05,"",
"0001112223","CK",7/2/2025,($57.74),"DEBITCARD: Restaurant","","Food & Drink",$47595.31,"",
"0001112223","CK",7/3/2025,($245.00),"ACH:HEALTH INSURANCE","","Insurance",$47350.31,"",
"0001112223","CK",7/3/2025,($11.53),"DEBITCARD: Books","","Shopping",$47338.78,"",
"0001112223","CK",7/4/2025,($425.00),"ACH:AUTO LOAN PAYMENT","","Auto & Transport",$46913.78,"budgeteer:goal=Auto Loan Down-payment",
"0001112223","CK",7/4/2025,($24.49),"DEBITCARD: Ride Share","","Auto & Transport",$46889.29,"",
"0001112223","CK",7/7/2025,($79.99),"ACH:ISP INTERNET BILL","","Internet",$46809.30,"",
"0001112223","CK",7/7/2025,($10.80),"DEBITCARD: Ride Share","","Auto & Transport",$46798.50,"",
"0001112223","CK",7/8/2025,$604.31,"ACH:MOONLIGHT GIG","","Misc. Income",$47402.81,"Side work",
"0001112223","CK",7/8/2025,($29.39),"DEBITCARD: Clothing Store","","Shopping",$47373.42,"",
"0001112223","CK",7/8/2025,($24.38),"DEBITCARD: Restaurant","","Food & Drink",$47349.04,"",
"0001112223","CK",7/9/2025,($39.99),"ACH:GYM MEMBERSHIP","","Health",$47309.05,"",
"0001112223","CK",7/10/2025,($19.99),"ACH:STREAMING SUBSCRIPTION","","Entertainment",$47289.06,"",
"0001112223","CK",7/10/2025,($68.00),"ACH:MOBILE PHONE","","Utilities",$47221.06,"",
"0001112223","CK",7/11/2025,($89.26),"DEBITCARD: Clothing Store","","Shopping",$47131.80,"",
"0001112223","CK",7/11/2025,($80.79),"DEBITCARD: Hardware Store","","Home",$47051.01,"",
"0001112223","CK",7/11/2025,($67.77),"DEBITCARD: Gas Station","","Gas / Fuel",$46983.24,"",
"0001112223","CK",7/11/2025,($19.09),"DEBITCARD: Books","","Shopping",$46964.15,"",
"0001112223","CK",7/12/2025,($206.62),"ACH:ELECTRIC BILL","","Utilities",$46757.53,"",
"0001112223","CK",7/12/2025,($66.42),"DEBITCARD: Event Tickets","","Entertainment",$46691.11,"",
"0001112223","CK",7/12/2025,($27.37),"DEBITCARD: Books","","Shopping",$46663.74,"",
"0001112223","CK",7/13/2025,($210.00),"ACH:STUDENT LOAN SERVICER","","Loans",$46453.74,"",
"0001112223","CK",7/14/2025,($146.79),"DEBITCARD: Grocery Store","","Groceries",$46306.95,"",
"0001112223","CK",7/14/2025,($22.92),"DEBITCARD: Ride Share","","Auto & Transport",$46284.03,"",
"0001112223","CK",7/15/2025,$3800.00,"ACH:VISTA TECH PAYROLL","","Misc. Income",$50084.03,"",
"0001112223","CK",7/15/2025,($56.39),"DEBITCARD: Restaurant","","Food & Drink",$50027.64,"",
"0001112223","CK",7/15/2025,($195.55),"DEBITCARD: Event Tickets","","Entertainment",$49832.09,"",
"0001112223","CK",7/16/2025,($750.00),"Web Branch:TFR TO SV 0001112223","","Transfer",$49082.09,"budgeteer:apply=savings",
"0001112223","CK",7/16/2025,($142.29),"DEBITCARD: Grocery Store","","Groceries",$48939.80,"",
"0001112223","CK",7/16/2025,($43.25),"DEBITCARD: Restaurant","","Food & Drink",$48896.55,"",
"0001112223","CK",7/16/2025,($54.92),"DEBITCARD: Pharmacy","","Health",$48841.63,"",
"0001112223","CK",7/17/2025,($4.29),"DEBITCARD: Coffee Shop","","Food & Drink",$48837.34,"",
"0001112223","CK",7/19/2025,($105.58),"DEBITCARD: Grocery Store","","Groceries",$48731.76,"budgeteer:category=Food",
"0001112223","CK",7/19/2025,($178.58),"DEBITCARD: Grocery Store","","Groceries",$48553.18,"",
"0001112223","CK",7/19/2025,($81.81),"DEBITCARD: Grocery Store","","Groceries",$48471.37,"",
"0001112223","CK",7/23/2025,($41.72),"ACH:WATER BILL","","Utilities",$48429.65,"",
"0001112223","CK",7/24/2025,($1810.15),"ACH:CREDIT CARD PAYMENT","","Credit Card",$46619.50,"",
"0001112223","CK",7/24/2025,($70.47),"DEBITCARD: Hardware Store","","Home",$46549.03,"",
"0001112223","CK",7/26/2025,($56.54),"DEBITCARD: Restaurant","","Food & Drink",$46492.49,"",
"0001112223","CK",7/26/2025,($46.29),"DEBITCARD: Pet Supplies","","Pets",$46446.20,"",
"0001112223","CK",7/26/2025,($6.04),"DEBITCARD: Streaming Add-on","","Entertainment",$46440.16,"",
"0001112223","CK",7/29/2025,($42.46),"DEBITCARD: Hardware Store","","Home",$46397.70,"",
"0001112223","CK",7/29/2025,($22.47),"DEBITCARD: Ride Share","","Auto & Transport",$46375.23,"",
"0001112223","CK",7/30/2025,($113.20),"DEBITCARD: Grocery Store","","Groceries",$46262.03,"",
"0001112223","CK",7/31/2025,($25.62),"DEBITCARD: Pet Supplies","","Pets",$46236.41,"",
"0001112223","CK",7/31/2025,($15.01),"DEBITCARD: Ride Share","","Auto & Transport",$46221.40,"",
"0001112223","CK",7/31/2025,($9.24),"DEBITCARD: Ride Share","","Auto & Transport",$46212.16,"",
"0001112223","CK",8/1/2025,$3800.00,"ACH:VISTA TECH PAYROLL","","Misc. Income",$50012.16,"",
"0001112223","CK",8/1/2025,($2189.00),"ACH:Redwood Grove RENT","","Mortgage / Rent",$47823.16,"",
"0001112223","CK",8/1/2025,($245.00),"ACH:HEALTH INSURANCE","","Insurance",$47578.16,"",
"0001112223","CK",8/1/2025,($50.50),"DEBITCARD: Hardware Store","","Home",$47527.66,"",
"0001112223","CK",8/1/2025,($13.82),"DEBITCARD: Pet Supplies","","Pets",$47513.84,"",
"0001112223","CK",8/1/2025,($70.62),"DEBITCARD: Gas Station","","Gas / Fuel",$47443.22,"",
"0001112223","CK",8/2/2025,($218.69),"DEBITCARD: Event Tickets","","Entertainment",$47224.53,"",
"0001112223","CK",8/4/2025,($66.69),"DEBITCARD: Gas Station","","Gas / Fuel",$47157.84,"",
"0001112223","CK",8/5/2025,($22.46),"DEBITCARD: Ride Share","","Auto & Transport",$47135.38,"",
"0001112223","CK",8/6/2025,($425.00),"ACH:AUTO LOAN PAYMENT","","Auto & Transport",$46710.38,"budgeteer:goal=Auto Loan Down-payment",
"0001112223","CK",8/6/2025,($62.54),"DEBITCARD: Restaurant","","Food & Drink",$46647.84,"",
"0001112223","CK",8/6/2025,($11.17),"DEBITCARD: Streaming Add-on","","Entertainment",$46636.67,"",
"0001112223","CK",8/7/2025,($79.99),"ACH:ISP INTERNET BILL","","Internet",$46556.68,"",
"0001112223","CK",8/7/2025,($39.99),"ACH:GYM MEMBERSHIP","","Health",$46516.69,"",
"0001112223","CK",8/7/2025,($7.70),"DEBITCARD: Coffee Shop","","Food & Drink",$46508.99,"",
"0001112223","CK",8/7/2025,($41.21),"DEBITCARD: Restaurant","","Food & Drink",$46467.78,"",
"0001112223","CK",8/9/2025,($68.00),"ACH:MOBILE PHONE","","Utilities",$46399.78,"",
"0001112223","CK",8/9/2025,$768.57,"ACH:MOONLIGHT GIG","","Misc. Income",$47168.35,"Side work",
"0001112223","CK",8/9/2025,($18.83),"DEBITCARD: Ride Share","","Auto & Transport",$47149.52,"",
"0001112223","CK",8/9/2025,($85.36),"DEBITCARD: Clothing Store","","Shopping",$47064.16,"",
"0001112223","CK",8/9/2025,($15.57),"DEBITCARD: Pet Supplies","","Pets",$47048.59,"",
"0001112223","CK",8/9/2025,($143.67),"DEBITCARD: Grocery Store","","Groceries",$46904.92,"",
"0001112223","CK",8/10/2025,($19.99),"ACH:STREAMING SUBSCRIPTION","","Entertainment",$46884.93,"",
"0001112223","CK",8/11/2025,($182.12),"ACH:ELECTRIC BILL","","Utilities",$46702.81,"",
"0001112223","CK",8/11/2025,($34.30),"DEBITCARD: Restaurant","","Food & Drink",$46668.51,"",
"0001112223","CK",8/11/2025,($58.43),"DEBITCARD: Restaurant","","Food & Drink",$46610.08,"",
"0001112223","CK",8/12/2025,($210.00),"ACH:STUDENT LOAN SERVICER","","Loans",$46400.08,"",
"0001112223","CK",8/14/2025,($8.17),"DEBITCARD: Books","","Shopping",$46391.91,"",
"0001112223","CK",8/14/2025,($38.61),"DEBITCARD: Gas Station","","Gas / Fuel",$46353.30,"",
"0001112223","CK",8/14/2025,($32.03),"DEBITCARD: Books","","Shopping",$46321.27,"",
"0001112223","CK",8/15/2025,$3800.00,"ACH:VISTA TECH PAYROLL","","Misc. Income",$50121.27,"",
"0001112223","CK",8/15/2025,($750.00),"Web Branch:TFR TO SV 0001112223","","Transfer",$49371.27,"budgeteer:apply=savings",
"0001112223","CK",8/16/2025,($63.73),"DEBITCARD: Hardware Store","","Home",$49307.54,"",
"0001112223","CK",8/17/2025,($45.55),"DEBITCARD: Pharmacy","","Health",$49261.99,"",
"0001112223","CK",8/17/2025,($158.44),"DEBITCARD: Event Tickets","","Entertainment",$49103.55,"",
"0001112223","CK",8/19/2025,($29.29),"DEBITCARD: Restaurant","","Food & Drink",$49074.26,"",
"0001112223","CK",8/20/2025,($9.22),"DEBITCARD: Streaming Add-on","","Entertainment",$49065.04,"",
"0001112223","CK",8/21/2025,($32.44),"DEBITCARD: Pharmacy","","Health",$49032.60,"",
"0001112223","CK",8/21/2025,($9.93),"DEBITCARD: Streaming Add-on","","Entertainment",$49022.67,"",
"0001112223","CK",8/21/2025,($76.36),"DEBITCARD: Hardware Store","","Home",$48946.31,"",
"0001112223","CK",8/21/2025,($6.28),"DEBITCARD: Coffee Shop","","Food & Drink",$48940.03,"",
"0001112223","CK",8/21/2025,($6.78),"DEBITCARD: Streaming Add-on","","Entertainment",$48933.25,"",
"0001112223","CK",8/22/2025,($85.96),"DEBITCARD: Event Tickets","","Entertainment",$48847.29,"",
"0001112223","CK",8/23/2025,($50.87),"ACH:WATER BILL","","Utilities",$48796.42,"",
"0001112223","CK",8/24/2025,$12.02,"DIVIDEND PAYMENT","","Misc. Income",$48808.44,"",
"0001112223","CK",8/24/2025,($11.18),"DEBITCARD: Streaming Add-on","","Entertainment",$48797.26,"",
"0001112223","CK",8/24/2025,($4.41),"DEBITCARD: Coffee Shop","","Food & Drink",$48792.85,"",
"0001112223","CK",8/25/2025,($9.84),"DEBITCARD: Streaming Add-on","","Entertainment",$48783.01,"",
"0001112223","CK",8/26/2025,($1460.08),"ACH:CREDIT CARD PAYMENT","","Credit Card",$47322.93,"",
"0001112223","CK",8/26/2025,($19.97),"DEBITCARD: Pharmacy","","Health",$47302.96,"",
"0001112223","CK",9/1/2025,$3800.00,"ACH:VISTA TECH PAYROLL","","Misc. Income",$51102.96,"",
"0001112223","CK",9/1/2025,($2189.00),"ACH:Redwood Grove RENT","","Mortgage / Rent",$48913.96,"",
"0001112223","CK",9/2/2025,($59.46),"DEBITCARD: Restaurant","","Food & Drink",$48854.50,"",
"0001112223","CK",9/2/2025,($50.33),"DEBITCARD: Hardware Store","","Home",$48804.17,"",
"0001112223","CK",9/3/2025,($245.00),"ACH:HEALTH INSURANCE","","Insurance",$48559.17,"",
"0001112223","CK",9/3/2025,($38.46),"DEBITCARD: Restaurant","","Food & Drink",$48520.71,"",
"0001112223","CK",9/3/2025,($50.72),"DEBITCARD: Pharmacy","","Health",$48469.99,"",
"0001112223","CK",9/4/2025,($62.11),"DEBITCARD: Gas Station","","Gas / Fuel",$48407.88,"",
"0001112223","CK",9/4/2025,($9.06),"DEBITCARD: Streaming Add-on","","Entertainment",$48398.82,"",
"0001112223","CK",9/5/2025,($425.00),"ACH:AUTO LOAN PAYMENT","","Auto & Transport",$47973.82,"budgeteer:goal=Auto Loan Down-payment",
"0001112223","CK",9/5/2025,($203.72),"DEBITCARD: Grocery Store","","Groceries",$47770.10,"",
"0001112223","CK",9/5/2025,($33.76),"DEBITCARD: Hardware Store","","Home",$47736.34,"",
"0001112223","CK",9/5/2025,($6.73),"DEBITCARD: Coffee Shop","","Food & Drink",$47729.61,"",
"0001112223","CK",9/5/2025,($94.29),"DEBITCARD: Grocery Store","","Groceries",$47635.32,"",
"0001112223","CK",9/7/2025,($79.99),"ACH:ISP INTERNET BILL","","Internet",$47555.33,"",
"0001112223","CK",9/7/2025,($39.99),"ACH:GYM MEMBERSHIP","","Health",$47515.34,"",
"0001112223","CK",9/7/2025,($122.65),"DEBITCARD: Grocery Store","","Groceries",$47392.69,"",
"0001112223","CK",9/8/2025,($60.47),"DEBITCARD: Clothing Store","","Shopping",$47332.22,"",
"0001112223","CK",9/8/2025,($13.75),"DEBITCARD: Pet Supplies","","Pets",$47318.47,"",
"0001112223","CK",9/9/2025,($19.99),"ACH:STREAMING SUBSCRIPTION","","Entertainment",$47298.48,"",
"0001112223","CK",9/10/2025,($68.00),"ACH:MOBILE PHONE","","Utilities",$47230.48,"",
"0001112223","CK",9/10/2025,$932.82,"ACH:MOONLIGHT GIG","","Misc. Income",$48163.30,"Side work",
"0001112223","CK",9/10/2025,($76.26),"DEBITCARD: Hardware Store","","Home",$48087.04,"",
"0001112223","CK",9/11/2025,($210.00),"ACH:STUDENT LOAN SERVICER","","Loans",$47877.04,"",
"0001112223","CK",9/11/2025,($88.82),"DEBITCARD: Clothing Store","","Shopping",$47788.22,"",
"0001112223","CK",9/11/2025,($7.17),"DEBITCARD: Coffee Shop","","Food & Drink",$47781.05,"",
"0001112223","CK",9/12/2025,($82.66),"DEBITCARD: Hardware Store","","Home",$47698.39,"",
"0001112223","CK",9/13/2025,($79.06),"DEBITCARD: Event Tickets","","Entertainment",$47619.33,"",
"0001112223","CK",9/13/2025,($68.12),"DEBITCARD: Clothing Store","","Shopping",$47551.21,"",
"0001112223","CK",9/13/2025,($35.32),"DEBITCARD: Hardware Store","","Home",$47515.89,"",
"0001112223","CK",9/14/2025,($70.69),"DEBITCARD: Gas Station","","Gas / Fuel",$47445.20,"",
"0001112223","CK",9/15/2025,$3800.00,"ACH:VISTA TECH PAYROLL","","Misc. Income",$51245.20,"",
"0001112223","CK",9/15/2025,($197.63),"ACH:ELECTRIC BILL","","Utilities",$51047.57,"",
"0001112223","CK",9/15/2025,($750.00),"Web Branch:TFR TO SV 0001112223","","Transfer",$50297.57,"budgeteer:apply=savings",
"0001112223","CK",9/16/2025,($8.67),"DEBITCARD: Coffee Shop","","Food & Drink",$50288.90,"",
"0001112223","CK",9/17/2025,($54.05),"DEBITCARD: Restaurant","","Food & Drink",$50234.85,"",
"0001112223","CK",9/21/2025,($56.09),"DEBITCARD: Gas Station","","Gas / Fuel",$50178.76,"",
"0001112223","CK",9/21/2025,($116.07),"DEBITCARD: Event Tickets","","Entertainment",$50062.69,"",
"0001112223","CK",9/22/2025,($47.02),"ACH:WATER BILL","","Utilities",$50015.67,"",
"0001112223","CK",9/23/2025,($111.47),"DEBITCARD: Clothing Store","","Shopping",$49904.20,"",
"0001112223","CK",9/23/2025,($26.16),"DEBITCARD: Ride Share","","Auto & Transport",$49878.04,"",
"0001112223","CK",9/24/2025,$9.96,"DIVIDEND PAYMENT","","Misc. Income",$49888.00,"",
"0001112223","CK",9/24/2025,($16.86),"DEBITCARD: Books","","Shopping",$49871.14,"",
"0001112223","CK",9/25/2025,($18.64),"DEBITCARD: Pet Supplies","","Pets",$49852.50,"",
"0001112223","CK",9/26/2025,($32.75),"DEBITCARD: Clothing Store","","Shopping",$49819.75,"",
"0001112223","CK",9/27/2025,($1110.00),"ACH:CREDIT CARD PAYMENT","","Credit Card",$48709.75,"",
"0001112223","CK",9/28/2025,($8.10),"DEBITCARD: Coffee Shop","","Food & Drink",$48701.65,"",
"0001112223","CK",9/29/2025,($67.33),"DEBITCARD: Hardware Store","","Home",$48634.32,"",
"0001112223","CK",9/29/2025,($152.66),"DEBITCARD: Grocery Store","","Groceries",$48481.66,"",
"0001112223","CK",9/30/2025,($42.09),"DEBITCARD: Gas Station","","Gas / Fuel",$48439.57,"",
"0001112223","CK",10/1/2025,$3800.00,"ACH:VISTA TECH PAYROLL","","Misc. Income",$52239.57,"",
"0001112223","CK",10/1/2025,($2189.00),"ACH:Redwood Grove RENT","","Mortgage / Rent",$50050.57,"",
"0001112223","CK",10/1/2025,($245.00),"ACH:HEALTH INSURANCE","","Insurance",$49805.57,"",
"0001112223","CK",10/1/2025,($53.65),"DEBITCARD: Pet Supplies","","Pets",$49751.92,"",
"0001112223","CK",10/3/2025,($10.02),"DEBITCARD: Coffee Shop","","Food & Drink",$49741.90,"",
"0001112223","CK",10/3/2025,($8.83),"DEBITCARD: Coffee Shop","","Food & Drink",$49733.07,"",
"0001112223","CK",10/4/2025,($425.00),"ACH:AUTO LOAN PAYMENT","","Auto & Transport",$49308.07,"budgeteer:goal=Auto Loan Down-payment",
"0001112223","CK",10/4/2025,($142.56),"DEBITCARD: Grocery Store","","Groceries",$49165.51,"",
"0001112223","CK",10/4/2025,($164.99),"DEBITCARD: Event Tickets","","Entertainment",$49000.52,"",
"0001112223","CK",10/5/2025,($138.67),"DEBITCARD: Event Tickets","","Entertainment",$48861.85,"",
"0001112223","CK",10/5/2025,($44.56),"DEBITCARD: Pet Supplies","","Pets",$48817.29,"",
"0001112223","CK",10/6/2025,($26.84),"DEBITCARD: Pet Supplies","","Pets",$48790.45,"",
"0001112223","CK",10/6/2025,($85.93),"DEBITCARD: Grocery Store","","Groceries",$48704.52,"",
"0001112223","CK",10/7/2025,($79.99),"ACH:ISP INTERNET BILL","","Internet",$48624.53,"",
"0001112223","CK",10/7/2025,($39.99),"ACH:GYM MEMBERSHIP","","Health",$48584.54,"",
"0001112223","CK",10/8/2025,($19.99),"ACH:STREAMING SUBSCRIPTION","","Entertainment",$48564.55,"",
"0001112223","CK",10/8/2025,($38.37),"DEBITCARD: Clothing Store","","Shopping",$48526.18,"",
"0001112223","CK",10/10/2025,($11.87),"DEBITCARD: Pharmacy","","Health",$48514.31,"",
"0001112223","CK",10/11/2025,($68.00),"ACH:MOBILE PHONE","","Utilities",$48446.31,"",
"0001112223","CK",10/11/2025,($146.38),"DEBITCARD: Event Tickets","","Entertainment",$48299.93,"",
"0001112223","CK",10/12/2025,$277.08,"ACH:MOONLIGHT GIG","","Misc. Income",$48577.01,"Side work",
"0001112223","CK",10/12/2025,($108.55),"DEBITCARD: Clothing Store","","Shopping",$48468.46,"",
"0001112223","CK",10/12/2025,($7.54),"DEBITCARD: Pharmacy","","Health",$48460.92,"",
"0001112223","CK",10/12/2025,($12.85),"DEBITCARD: Ride Share","","Auto & Transport",$48448.07,"",
"0001112223","CK",10/13/2025,($210.00),"ACH:STUDENT LOAN SERVICER","","Loans",$48238.07,"",
"0001112223","CK",10/14/2025,($118.13),"ACH:ELECTRIC BILL","","Utilities",$48119.94,"",
"0001112223","CK",10/14/2025,($70.08),"DEBITCARD: Hardware Store","","Home",$48049.86,"",
"0001112223","CK",10/14/2025,($34.58),"DEBITCARD: Restaurant","","Food & Drink",$48015.28,"",
"0001112223","CK",10/15/2025,$3800.00,"ACH:VISTA TECH PAYROLL","","Misc. Income",$51815.28,"",
"0001112223","CK",10/15/2025,($134.02),"DEBITCARD: Clothing Store","","Shopping",$51681.26,"",
"0001112223","CK",10/15/2025,($15.50),"DEBITCARD: Pharmacy","","Health",$51665.76,"",
"0001112223","CK",10/15/2025,($15.86),"DEBITCARD: Books","","Shopping",$51649.90,"",
"0001112223","CK",10/17/2025,($750.00),"Web Branch:TFR TO SV 0001112223","","Transfer",$50899.90,"budgeteer:apply=savings",
"0001112223","CK",10/17/2025,($53.02),"DEBITCARD: Pet Supplies","","Pets",$50846.88,"",
"0001112223","CK",10/18/2025,($30.06),"DEBITCARD: Gas Station","","Gas / Fuel",$50816.82,"",
"0001112223","CK",10/18/2025,($20.91),"DEBITCARD: Ride Share","","Auto & Transport",$50795.91,"",
"0001112223","CK",10/18/2025,($25.38),"DEBITCARD: Books","","Shopping",$50770.53,"",
"0001112223","CK",10/21/2025,($43.17),"ACH:WATER BILL","","Utilities",$50727.36,"",
"0001112223","CK",10/23/2025,($19.74),"DEBITCARD: Books","","Shopping",$50707.62,"",
"0001112223","CK",10/23/2025,($25.38),"DEBITCARD: Pet Supplies","","Pets",$50682.24,"",
"0001112223","CK",10/24/2025,($759.93),"ACH:CREDIT CARD PAYMENT","","Credit Card",$49922.31,"",
"0001112223","CK",10/25/2025,($4.73),"DEBITCARD: Coffee Shop","","Food & Drink",$49917.58,"",
"0001112223","CK",10/25/2025,($182.37),"DEBITCARD: Event Tickets","","Entertainment",$49735.21,"",
"0001112223","CK",10/26/2025,$457.73,"ACH:MOONLIGHT GIG","","Misc. Income",$50192.94,"Side work",
"0001112223","CK",10/26/2025,($30.47),"DEBITCARD: Pet Supplies","","Pets",$50162.47,"",
"0001112223","CK",10/28/2025,($52.87),"DEBITCARD: Clothing Store","","Shopping",$50109.60,"",
"0001112223","CK",10/28/2025,($79.60),"DEBITCARD: Hardware Store","","Home",$50030.00,"",
"0001112223","CK",10/29/2025,($207.65),"DEBITCARD: Grocery Store","","Groceries",$49822.35,"",
"0001112223","CK",10/29/2025,($62.48),"DEBITCARD: Restaurant","","Food & Drink",$49759.87,"",
"0001112223","CK",10/31/2025,($47.07),"DEBITCARD: Gas Station","","Gas / Fuel",$49712.80,"",
"0001112223","CK",11/1/2025,$3800.00,"ACH:VISTA TECH PAYROLL","","Misc. Income",$53512.80,"",
"0001112223","CK",11/1/2025,($2189.00),"ACH:Redwood Grove RENT","","Mortgage / Rent",$51323.80,"",
"0001112223","CK",11/1/2025,($4.55),"DEBITCARD: Coffee Shop","","Food & Drink",$51319.25,"",
"0001112223","CK",11/1/2025,($14.63),"DEBITCARD: Ride Share","","Auto & Transport",$51304.62,"",
"0001112223","CK",11/2/2025,($245.00),"ACH:HEALTH INSURANCE","","Insurance",$51059.62,"",
"0001112223","CK",11/2/2025,($25.19),"DEBITCARD: Books","","Shopping",$51034.43,"",
"0001112223","CK",11/3/2025,($57.83),"DEBITCARD: Grocery Store","","Groceries",$50976.60,"",
"0001112223","CK",11/5/2025,($9.80),"DEBITCARD: Books","","Shopping",$50966.80,"",
"0001112223","CK",11/5/2025,($10.18),"DEBITCARD: Coffee Shop","","Food & Drink",$50956.62,"",
"0001112223","CK",11/6/2025,($425.00),"ACH:AUTO LOAN PAYMENT","","Auto & Transport",$50531.62,"budgeteer:goal=Auto Loan Down-payment",
"0001112223","CK",11/6/2025,$441.33,"ACH:MOONLIGHT GIG","","Misc. Income",$50972.95,"Side work",
"0001112223","CK",11/6/2025,($8.90),"DEBITCARD: Coffee Shop","","Food & Drink",$50964.05,"",
"0001112223","CK",11/7/2025,($79.99),"ACH:ISP INTERNET BILL","","Internet",$50884.06,"",
"0001112223","CK",11/8/2025,($39.99),"ACH:GYM MEMBERSHIP","","Health",$50844.07,"",
"0001112223","CK",11/8/2025,($38.09),"DEBITCARD: Pet Supplies","","Pets",$50805.98,"",
"0001112223","CK",11/8/2025,($68.74),"DEBITCARD: Grocery Store","","Groceries",$50737.24,"",
"0001112223","CK",11/8/2025,($5.57),"DEBITCARD: Streaming Add-on","","Entertainment",$50731.67,"",
"0001112223","CK",11/8/2025,($38.93),"DEBITCARD: Event Tickets","","Entertainment",$50692.74,"",
"0001112223","CK",11/10/2025,($19.99),"ACH:STREAMING SUBSCRIPTION","","Entertainment",$50672.75,"",
"0001112223","CK",11/10/2025,($68.00),"ACH:MOBILE PHONE","","Utilities",$50604.75,"",
"0001112223","CK",11/10/2025,($83.30),"DEBITCARD: Grocery Store","","Groceries",$50521.45,"",
"0001112223","CK",11/11/2025,($17.58),"DEBITCARD: Books","","Shopping",$50503.87,"",
"0001112223","CK",11/11/2025,($90.10),"DEBITCARD: Clothing Store","","Shopping",$50413.77,"",
"0001112223","CK",11/12/2025,($210.00),"ACH:STUDENT LOAN SERVICER","","Loans",$50203.77,"",
"0001112223","CK",11/12/2025,($75.02),"DEBITCARD: Event Tickets","","Entertainment",$50128.75,"",
"0001112223","CK",11/13/2025,($133.63),"ACH:ELECTRIC BILL","","Utilities",$49995.12,"",
"0001112223","CK",11/15/2025,$3800.00,"ACH:VISTA TECH PAYROLL","","Misc. Income",$53795.12,"",
"0001112223","CK",11/15/2025,($9.75),"DEBITCARD: Coffee Shop","","Food & Drink",$53785.37,"",
"0001112223","CK",11/15/2025,($87.12),"DEBITCARD: Clothing Store","","Shopping",$53698.25,"",
"0001112223","CK",11/15/2025,($37.98),"DEBITCARD: Hardware Store","","Home",$53660.27,"",
"0001112223","CK",11/17/2025,($750.00),"Web Branch:TFR TO SV 0001112223","","Transfer",$52910.27,"budgeteer:apply=savings",
"0001112223","CK",11/17/2025,($29.70),"DEBITCARD: Restaurant","","Food & Drink",$52880.57,"",
"0001112223","CK",11/18/2025,($128.47),"DEBITCARD: Clothing Store","","Shopping",$52752.10,"",
"0001112223","CK",11/18/2025,($55.17),"DEBITCARD: Grocery Store","","Groceries",$52696.93,"",
"0001112223","CK",11/19/2025,($39.68),"DEBITCARD: Pet Supplies","","Pets",$52657.25,"",
"0001112223","CK",11/19/2025,($128.25),"DEBITCARD: Clothing Store","","Shopping",$52529.00,"",
"0001112223","CK",11/19/2025,($9.67),"DEBITCARD: Ride Share","","Auto & Transport",$52519.33,"",
"0001112223","CK",11/20/2025,($39.32),"ACH:WATER BILL","","Utilities",$52480.01,"",
"0001112223","CK",11/20/2025,($15.10),"DEBITCARD: Pharmacy","","Health",$52464.91,"",
"0001112223","CK",11/20/2025,($114.37),"DEBITCARD: Clothing Store","","Shopping",$52350.54,"",
"0001112223","CK",11/20/2025,($50.26),"DEBITCARD: Pharmacy","","Health",$52300.28,"",
"0001112223","CK",11/20/2025,($99.22),"DEBITCARD: Grocery Store","","Groceries",$52201.06,"",
"0001112223","CK",11/23/2025,($169.61),"DEBITCARD: Event Tickets","","Entertainment",$52031.45,"",
"0001112223","CK",11/24/2025,($111.77),"DEBITCARD: Grocery Store","","Groceries",$51919.68,"",
"0001112223","CK",11/24/2025,($47.92),"DEBITCARD: Pharmacy","","Health",$51871.76,"",
"0001112223","CK",11/25/2025,($1609.86),"ACH:CREDIT CARD PAYMENT","","Credit Card",$50261.90,"",
"0001112223","CK",11/25/2025,($22.38),"DEBITCARD: Books","","Shopping",$50239.52,"",
"0001112223","CK",11/27/2025,($110.16),"DEBITCARD: Event Tickets","","Entertainment",$50129.36,"",
"0001112223","CK",11/28/2025,($25.05),"DEBITCARD: Pharmacy","","Health",$50104.31,"",
"0001112223","CK",11/28/2025,($10.63),"DEBITCARD: Ride Share","","Auto & Transport",$50093.68,"",
"0001112223","CK",12/1/2025,$3800.00,"ACH:VISTA TECH PAYROLL","","Misc. Income",$53893.68,"",
"0001112223","CK",12/1/2025,($2189.00),"ACH:Redwood Grove RENT","","Mortgage / Rent",$51704.68,"",
"0001112223","CK",12/1/2025,($245.00),"ACH:HEALTH INSURANCE","","Insurance",$51459.68,"",
"0001112223","CK",12/1/2025,($57.81),"DEBITCARD: Hardware Store","","Home",$51401.87,"",
"0001112223","CK",12/1/2025,($46.66),"DEBITCARD: Pharmacy","","Health",$51355.21,"",
"0001112223","CK",12/2/2025,($160.22),"DEBITCARD: Event Tickets","","Entertainment",$51194.99,"",
"0001112223","CK",12/3/2025,($11.17),"DEBITCARD: Streaming Add-on","","Entertainment",$51183.82,"",
"0001112223","CK",12/3/2025,($63.44),"DEBITCARD: Gas Station","","Gas / Fuel",$51120.38,"",
"0001112223","CK",12/4/2025,($26.19),"DEBITCARD: Ride Share","","Auto & Transport",$51094.19,"",
"0001112223","CK",12/6/2025,($425.00),"ACH:AUTO LOAN PAYMENT","","Auto & Transport",$50669.19,"budgeteer:goal=Auto Loan Down-payment",
"0001112223","CK",12/6/2025,($10.32),"DEBITCARD: Ride Share","","Auto & Transport",$50658.87,"",
"0001112223","CK",12/7/2025,($79.99),"ACH:ISP INTERNET BILL","","Internet",$50578.88,"",
"0001112223","CK",12/8/2025,($39.99),"ACH:GYM MEMBERSHIP","","Health",$50538.89,"",
"0001112223","CK",12/9/2025,($19.99),"ACH:STREAMING SUBSCRIPTION","","Entertainment",$50518.90,"",
"0001112223","CK",12/10/2025,($36.32),"DEBITCARD: Pet Supplies","","Pets",$50482.58,"",
"0001112223","CK",12/10/2025,($63.47),"DEBITCARD: Gas Station","","Gas / Fuel",$50419.11,"",
"0001112223","CK",12/11/2025,($68.00),"ACH:MOBILE PHONE","","Utilities",$50351.11,"",
"0001112223","CK",12/11/2025,($40.16),"DEBITCARD: Gas Station","","Gas / Fuel",$50310.95,"",
"0001112223","CK",12/12/2025,($210.00),"ACH:STUDENT LOAN SERVICER","","Loans",$50100.95,"",
"0001112223","CK",12/12/2025,($8.58),"DEBITCARD: Streaming Add-on","","Entertainment",$50092.37,"",
"0001112223","CK",12/12/2025,($46.10),"DEBITCARD: Pharmacy","","Health",$50046.27,"",
"0001112223","CK",12/13/2025,($184.13),"ACH:ELECTRIC BILL","","Utilities",$49862.14,"",
"0001112223","CK",12/14/2025,($52.30),"DEBITCARD: Pet Supplies","","Pets",$49809.84,"",
"0001112223","CK",12/15/2025,$3800.00,"ACH:VISTA TECH PAYROLL","","Misc. Income",$53609.84,"",
"0001112223","CK",12/16/2025,($750.00),"Web Branch:TFR TO SV 0001112223","","Transfer",$52859.84,"budgeteer:apply=savings",
"0001112223","CK",12/16/2025,($30.65),"DEBITCARD: Pharmacy","","Health",$52829.19,"",
"0001112223","CK",12/18/2025,($9.05),"DEBITCARD: Streaming Add-on","","Entertainment",$52820.14,"",
"0001112223","CK",12/18/2025,($44.85),"DEBITCARD: Hardware Store","","Home",$52775.29,"",
"0001112223","CK",12/18/2025,($49.13),"DEBITCARD: Hardware Store","","Home",$52726.16,"",
"0001112223","CK",12/19/2025,($58.54),"DEBITCARD: Clothing Store","","Shopping",$52667.62,"",
"0001112223","CK",12/19/2025,($5.33),"DEBITCARD: Streaming Add-on","","Entertainment",$52662.29,"",
"0001112223","CK",12/20/2025,($48.47),"ACH:WATER BILL","","Utilities",$52613.82,"",
"0001112223","CK",12/20/2025,($42.77),"DEBITCARD: Gas Station","","Gas / Fuel",$52571.05,"",
"0001112223","CK",12/22/2025,($62.41),"DEBITCARD: Event Tickets","","Entertainment",$52508.64,"",
"0001112223","CK",12/23/2025,($42.76),"DEBITCARD: Hardware Store","","Home",$52465.88,"",
"0001112223","CK",12/24/2025,$5.56,"DIVIDEND PAYMENT","","Misc. Income",$52471.44,"",
"0001112223","CK",12/24/2025,($23.59),"DEBITCARD: Ride Share","","Auto & Transport",$52447.85,"",
"0001112223","CK",12/25/2025,($27.31),"DEBITCARD: Ride Share","","Auto & Transport",$52420.54,"",
"0001112223","CK",12/25/2025,($45.85),"DEBITCARD: Pet Supplies","","Pets",$52374.69,"",
"0001112223","CK",12/25/2025,($8.05),"DEBITCARD: Streaming Add-on","","Entertainment",$52366.64,"",
"0001112223","CK",12/25/2025,($36.14),"DEBITCARD: Gas Station","","Gas / Fuel",$52330.50,"",
"0001112223","CK",12/26/2025,($59.14),"DEBITCARD: Gas Station","","Gas / Fuel",$52271.36,"",
"0001112223","CK",12/26/2025,($13.60),"DEBITCARD: Ride Share","","Auto & Transport",$52257.76,"",
"0001112223","CK",12/27/2025,($1259.78),"ACH:CREDIT CARD PAYMENT","","Credit Card",$50997.98,"",
"0001112223","CK",12/27/2025,($85.81),"DEBITCARD: Clothing Store","","Shopping",$50912.17,"",
"0001112223","CK",12/27/2025,($32.39),"DEBITCARD: Gas Station","","Gas / Fuel",$50879.78,"",
"0001112223","CK",12/27/2025,($41.55),"DEBITCARD: Gas Station","","Gas / Fuel",$50838.23,"",
"0001112223","CK",12/28/2025,($7.25),"DEBITCARD: Streaming Add-on","","Entertainment",$50830.98,"",
"0001112223","CK",12/29/2025,($72.63),"DEBITCARD: Hardware Store","","Home",$50758.35,"",
"0001112223","CK",12/31/2025,($42.32),"DEBITCARD: Restaurant","","Food & Drink",$50716.03,"",
"0001112223","CK",1/1/2026,$3800.00,"ACH:VISTA TECH PAYROLL","","Misc. Income",$54516.03,"",
"0001112223","CK",1/1/2026,($2189.00),"ACH:Redwood Grove RENT","","Mortgage / Rent",$52327.03,"",
"0001112223","CK",1/1/2026,($121.69),"DEBITCARD: Clothing Store","","Shopping",$52205.34,"",
"0001112223","CK",1/1/2026,($27.19),"DEBITCARD: Ride Share","","Auto & Transport",$52178.15,"",
"0001112223","CK",1/2/2026,($245.00),"ACH:HEALTH INSURANCE","","Insurance",$51933.15,"",
"0001112223","CK",1/2/2026,($52.72),"DEBITCARD: Restaurant","","Food & Drink",$51880.43,"",
"0001112223","CK",1/3/2026,($7.86),"DEBITCARD: Coffee Shop","","Food & Drink",$51872.57,"",
"0001112223","CK",1/3/2026,($51.36),"DEBITCARD: Gas Station","","Gas / Fuel",$51821.21,"",
"0001112223","CK",1/4/2026,($75.88),"DEBITCARD: Hardware Store","","Home",$51745.33,"",
"0001112223","CK",1/5/2026,($425.00),"ACH:AUTO LOAN PAYMENT","","Auto & Transport",$51320.33,"budgeteer:goal=Auto Loan Down-payment",
"0001112223","CK",1/6/2026,($37.73),"DEBITCARD: Pet Supplies","","Pets",$51282.60,"",
"0001112223","CK",1/7/2026,($79.99),"ACH:ISP INTERNET BILL","","Internet",$51202.61,"",
"0001112223","CK",1/7/2026,($77.62),"DEBITCARD: Gas Station","","Gas / Fuel",$51124.99,"",
"0001112223","CK",1/8/2026,($19.99),"ACH:STREAMING SUBSCRIPTION","","Entertainment",$51105.00,"",
"0001112223","CK",1/9/2026,($39.99),"ACH:GYM MEMBERSHIP","","Health",$51065.01,"",
"0001112223","CK",1/9/2026,($68.00),"ACH:MOBILE PHONE","","Utilities",$50997.01,"",
"0001112223","CK",1/9/2026,($31.15),"DEBITCARD: Gas Station","","Gas / Fuel",$50965.86,"",
"0001112223","CK",1/9/2026,($18.90),"DEBITCARD: Pet Supplies","","Pets",$50946.96,"",
"0001112223","CK",1/10/2026,($37.10),"DEBITCARD: Pharmacy","","Health",$50909.86,"",
"0001112223","CK",1/11/2026,($210.00),"ACH:STUDENT LOAN SERVICER","","Loans",$50699.86,"",
"0001112223","CK",1/11/2026,($30.72),"DEBITCARD: Pharmacy","","Health",$50669.14,"",
"0001112223","CK",1/11/2026,($155.87),"DEBITCARD: Grocery Store","","Groceries",$50513.27,"",
"0001112223","CK",1/12/2026,($159.63),"ACH:ELECTRIC BILL","","Utilities",$50353.64,"",
"0001112223","CK",1/12/2026,($8.91),"DEBITCARD: Streaming Add-on","","Entertainment",$50344.73,"",
"0001112223","CK",1/13/2026,($19.78),"DEBITCARD: Books","","Shopping",$50324.95,"",
"0001112223","CK",1/14/2026,($64.55),"DEBITCARD: Hardware Store","","Home",$50260.40,"",
"0001112223","CK",1/14/2026,($53.20),"DEBITCARD: Pharmacy","","Health",$50207.20,"",
"0001112223","CK",1/14/2026,($35.33),"DEBITCARD: Pet Supplies","","Pets",$50171.87,"",
"0001112223","CK",1/15/2026,$3800.00,"ACH:VISTA TECH PAYROLL","","Misc. Income",$53971.87,"",
"0001112223","CK",1/15/2026,($750.00),"Web Branch:TFR TO SV 0001112223","","Transfer",$53221.87,"budgeteer:apply=savings",
"0001112223","CK",1/17/2026,($31.99),"DEBITCARD: Pet Supplies","","Pets",$53189.88,"",
"0001112223","CK",1/18/2026,($56.13),"DEBITCARD: Gas Station","","Gas / Fuel",$53133.75,"",
"0001112223","CK",1/18/2026,($102.62),"DEBITCARD: Clothing Store","","Shopping",$53031.13,"",
"0001112223","CK",1/18/2026,($30.23),"DEBITCARD: Pharmacy","","Health",$53000.90,"",
"0001112223","CK",1/18/2026,($72.43),"DEBITCARD: Hardware Store","","Home",$52928.47,"",
"0001112223","CK",1/19/2026,($6.15),"DEBITCARD: Streaming Add-on","","Entertainment",$52922.32,"",
"0001112223","CK",1/20/2026,($18.45),"DEBITCARD: Books","","Shopping",$52903.87,"",
"0001112223","CK",1/20/2026,($77.82),"DEBITCARD: Grocery Store","","Groceries",$52826.05,"",
"0001112223","CK",1/21/2026,($62.94),"DEBITCARD: Hardware Store","","Home",$52763.11,"",
"0001112223","CK",1/23/2026,($181.97),"DEBITCARD: Event Tickets","","Entertainment",$52581.14,"",
"0001112223","CK",1/24/2026,($44.62),"ACH:WATER BILL","","Utilities",$52536.52,"",
"0001112223","CK",1/24/2026,($909.71),"ACH:CREDIT CARD PAYMENT","","Credit Card",$51626.81,"",
"0001112223","CK",1/24/2026,($7.74),"DEBITCARD: Coffee Shop","","Food & Drink",$51619.07,"",
"0001112223","CK",1/24/2026,($11.54),"DEBITCARD: Streaming Add-on","","Entertainment",$51607.53,"",
"0001112223","CK",1/24/2026,($45.11),"DEBITCARD: Restaurant","","Food & Drink",$51562.42,"",
"0001112223","CK",1/25/2026,($81.93),"DEBITCARD: Clothing Store","","Shopping",$51480.49,"",
"0001112223","CK",1/25/2026,($62.90),"DEBITCARD: Pharmacy","","Health",$51417.59,"",
"0001112223","CK",1/26/2026,$12.57,"DIVIDEND PAYMENT","","Misc. Income",$51430.16,"",
"0001112223","CK",1/26/2026,($43.53),"DEBITCARD: Clothing Store","","Shopping",$51386.63,"",
"0001112223","CK",1/29/2026,($76.23),"DEBITCARD: Gas Station","","Gas / Fuel",$51310.40,"",
"0001112223","CK",2/1/2026,$3800.00,"ACH:VISTA TECH PAYROLL","","Misc. Income",$55110.40,"",
"0001112223","CK",2/1/2026,($2189.00),"ACH:Redwood Grove RENT","","Mortgage / Rent",$52921.40,"",
"0001112223","CK",2/1/2026,($245.00),"ACH:HEALTH INSURANCE","","Insurance",$52676.40,"",
"0001112223","CK",2/1/2026,($24.56),"DEBITCARD: Ride Share","","Auto & Transport",$52651.84,"",
"0001112223","CK",2/3/2026,($31.58),"DEBITCARD: Pet Supplies","","Pets",$52620.26,"",
"0001112223","CK",2/3/2026,($112.93),"DEBITCARD: Clothing Store","","Shopping",$52507.33,"",
"0001112223","CK",2/4/2026,($425.00),"ACH:AUTO LOAN PAYMENT","","Auto & Transport",$52082.33,"budgeteer:goal=Auto Loan Down-payment",
"0001112223","CK",2/5/2026,($138.89),"DEBITCARD: Grocery Store","","Groceries",$51943.44,"",
"0001112223","CK",2/5/2026,($10.46),"DEBITCARD: Ride Share","","Auto & Transport",$51932.98,"",
"0001112223","CK",2/6/2026,($5.95),"DEBITCARD: Coffee Shop","","Food & Drink",$51927.03,"",
"0001112223","CK",2/6/2026,($17.88),"DEBITCARD: Ride Share","","Auto & Transport",$51909.15,"",
"0001112223","CK",2/6/2026,($22.35),"DEBITCARD: Ride Share","","Auto & Transport",$51886.80,"",
"0001112223","CK",2/7/2026,($79.99),"ACH:ISP INTERNET BILL","","Internet",$51806.81,"",
"0001112223","CK",2/7/2026,($69.16),"DEBITCARD: Gas Station","","Gas / Fuel",$51737.65,"",
"0001112223","CK",2/7/2026,($66.41),"DEBITCARD: Hardware Store","","Home",$51671.24,"",
"0001112223","CK",2/9/2026,($39.99),"ACH:GYM MEMBERSHIP","","Health",$51631.25,"",
"0001112223","CK",2/9/2026,($62.31),"DEBITCARD: Pharmacy","","Health",$51568.94,"",
"0001112223","CK",2/10/2026,($19.99),"ACH:STREAMING SUBSCRIPTION","","Entertainment",$51548.95,"",
"0001112223","CK",2/10/2026,($11.28),"DEBITCARD: Streaming Add-on","","Entertainment",$51537.67,"",
"0001112223","CK",2/11/2026,($68.00),"ACH:MOBILE PHONE","","Utilities",$51469.67,"",
"0001112223","CK",2/11/2026,($175.14),"ACH:ELECTRIC BILL","","Utilities",$51294.53,"",
"0001112223","CK",2/11/2026,($74.21),"DEBITCARD: Clothing Store","","Shopping",$51220.32,"",
"0001112223","CK",2/12/2026,($58.70),"DEBITCARD: Gas Station","","Gas / Fuel",$51161.62,"",
"0001112223","CK",2/13/2026,($210.00),"ACH:STUDENT LOAN SERVICER","","Loans",$50951.62,"",
"0001112223","CK",2/14/2026,($18.24),"DEBITCARD: Restaurant","","Food & Drink",$50933.38,"",
"0001112223","CK",2/14/2026,($16.60),"DEBITCARD: Ride Share","","Auto & Transport",$50916.78,"",
"0001112223","CK",2/15/2026,$3800.00,"ACH:VISTA TECH PAYROLL","","Misc. Income",$54716.78,"",
"0001112223","CK",2/15/2026,($750.00),"Web Branch:TFR TO SV 0001112223","","Transfer",$53966.78,"budgeteer:apply=savings",
"0001112223","CK",2/15/2026,($27.07),"DEBITCARD: Pet Supplies","","Pets",$53939.71,"",
"0001112223","CK",2/15/2026,($19.12),"DEBITCARD: Pet Supplies","","Pets",$53920.59,"",
"0001112223","CK",2/16/2026,($206.66),"DEBITCARD: Grocery Store","","Groceries",$53713.93,"",
"0001112223","CK",2/17/2026,($61.58),"DEBITCARD: Gas Station","","Gas / Fuel",$53652.35,"",
"0001112223","CK",2/17/2026,($137.50),"DEBITCARD: Clothing Store","","Shopping",$53514.85,"",
"0001112223","CK",2/17/2026,($9.76),"DEBITCARD: Coffee Shop","","Food & Drink",$53505.09,"",
"0001112223","CK",2/18/2026,($22.23),"DEBITCARD: Ride Share","","Auto & Transport",$53482.86,"",
"0001112223","CK",2/20/2026,($108.87),"DEBITCARD: Clothing Store","","Shopping",$53373.99,"",
"0001112223","CK",2/20/2026,($10.08),"DEBITCARD: Books","","Shopping",$53363.91,"",
"0001112223","CK",2/23/2026,($40.77),"ACH:WATER BILL","","Utilities",$53323.14,"",
"0001112223","CK",2/23/2026,($57.66),"DEBITCARD: Hardware Store","","Home",$53265.48,"",
"0001112223","CK",2/23/2026,($77.80),"DEBITCARD: Hardware Store","","Home",$53187.68,"",
"0001112223","CK",2/23/2026,($197.57),"DEBITCARD: Grocery Store","","Groceries",$52990.11,"",
"0001112223","CK",2/24/2026,($91.14),"DEBITCARD: Grocery Store","","Groceries",$52898.97,"",
"0001112223","CK",2/24/2026,($143.87),"DEBITCARD: Grocery Store","","Groceries",$52755.10,"",
"0001112223","CK",2/24/2026,($201.22),"DEBITCARD: Grocery Store","","Groceries",$52553.88,"",
"0001112223","CK",2/25/2026,($1759.64),"ACH:CREDIT CARD PAYMENT","","Credit Card",$50794.24,"",
"0001112223","CK",2/25/2026,($9.85),"DEBITCARD: Streaming Add-on","","Entertainment",$50784.39,"",
"0001112223","CK",2/26/2026,($23.74),"DEBITCARD: Pet Supplies","","Pets",$50760.65,"",
"0001112223","CK",2/27/2026,($93.57),"DEBITCARD: Event Tickets","","Entertainment",$50667.08,"",
"0001112223","CK",2/27/2026,($6.30),"DEBITCARD: Coffee Shop","","Food & Drink",$50660.78,"",
"0001112223","CK",2/28/2026,($11.68),"DEBITCARD: Streaming Add-on","","Entertainment",$50649.10,"",
"0001112223","CK",3/1/2026,$3800.00,"ACH:VISTA TECH PAYROLL","","Misc. Income",$54449.10,"",
"0001112223","CK",3/1/2026,($2189.00),"ACH:Redwood Grove RENT","","Mortgage / Rent",$52260.10,"",
"0001112223","CK",3/1/2026,($49.03),"DEBITCARD: Pet Supplies","","Pets",$52211.07,"",
"0001112223","CK",3/1/2026,($54.24),"DEBITCARD: Clothing Store","","Shopping",$52156.83,"",
"0001112223","CK",3/2/2026,($245.00),"ACH:HEALTH INSURANCE","","Insurance",$51911.83,"",
"0001112223","CK",3/2/2026,($39.30),"DEBITCARD: Pet Supplies","","Pets",$51872.53,"",
"0001112223","CK",3/3/2026,($5.36),"DEBITCARD: Coffee Shop","","Food & Drink",$51867.17,"",
"0001112223","CK",3/3/2026,($5.61),"DEBITCARD: Coffee Shop","","Food & Drink",$51861.56,"",
"0001112223","CK",3/4/2026,($43.77),"DEBITCARD: Pet Supplies","","Pets",$51817.79,"",
"0001112223","CK",3/4/2026,($90.02),"DEBITCARD: Clothing Store","","Shopping",$51727.77,"",
"0001112223","CK",3/5/2026,($79.99),"ACH:ISP INTERNET BILL","","Internet",$51647.78,"",
"0001112223","CK",3/5/2026,($37.96),"DEBITCARD: Hardware Store","","Home",$51609.82,"",
"0001112223","CK",3/6/2026,($425.00),"ACH:AUTO LOAN PAYMENT","","Auto & Transport",$51184.82,"budgeteer:goal=Auto Loan Down-payment",
"0001112223","CK",3/6/2026,($119.43),"DEBITCARD: Clothing Store","","Shopping",$51065.39,"",
"0001112223","CK",3/6/2026,($52.13),"DEBITCARD: Pharmacy","","Health",$51013.26,"",
"0001112223","CK",3/7/2026,($39.99),"ACH:GYM MEMBERSHIP","","Health",$50973.27,"",
"0001112223","CK",3/7/2026,($21.56),"DEBITCARD: Pharmacy","","Health",$50951.71,"",
"0001112223","CK",3/8/2026,($71.94),"DEBITCARD: Gas Station","","Gas / Fuel",$50879.77,"",
"0001112223","CK",3/8/2026,($150.66),"DEBITCARD: Event Tickets","","Entertainment",$50729.11,"",
"0001112223","CK",3/9/2026,($68.00),"ACH:MOBILE PHONE","","Utilities",$50661.11,"",
"0001112223","CK",3/10/2026,($19.99),"ACH:STREAMING SUBSCRIPTION","","Entertainment",$50641.12,"",
"0001112223","CK",3/11/2026,($15.34),"DEBITCARD: Pharmacy","","Health",$50625.78,"",
"0001112223","CK",3/12/2026,($210.00),"ACH:STUDENT LOAN SERVICER","","Loans",$50415.78,"",
"0001112223","CK",3/13/2026,($39.64),"DEBITCARD: Restaurant","","Food & Drink",$50376.14,"",
"0001112223","CK",3/13/2026,($191.70),"DEBITCARD: Grocery Store","","Groceries",$50184.44,"",
"0001112223","CK",3/14/2026,($43.67),"DEBITCARD: Restaurant","","Food & Drink",$50140.77,"",
"0001112223","CK",3/15/2026,$3800.00,"ACH:VISTA TECH PAYROLL","","Misc. Income",$53940.77,"",
"0001112223","CK",3/15/2026,($155.64),"ACH:ELECTRIC BILL","","Utilities",$53785.13,"",
"0001112223","CK",3/17/2026,($750.00),"Web Branch:TFR TO SV 0001112223","","Transfer",$53035.13,"budgeteer:apply=savings",
"0001112223","CK",3/19/2026,($41.08),"DEBITCARD: Gas Station","","Gas / Fuel",$52994.05,"",
"0001112223","CK",3/19/2026,($38.78),"DEBITCARD: Gas Station","","Gas / Fuel",$52955.27,"",
"0001112223","CK",3/20/2026,($3.93),"DEBITCARD: Coffee Shop","","Food & Drink",$52951.34,"",
"0001112223","CK",3/21/2026,($455.64),"DEBITCARD: Hotel","","Travel",$52495.70,"",
"0001112223","CK",3/21/2026,($9.00),"DEBITCARD: Streaming Add-on","","Entertainment",$52486.70,"",
"0001112223","CK",3/22/2026,($55.69),"DEBITCARD: Pharmacy","","Health",$52431.01,"",
"0001112223","CK",3/23/2026,($49.92),"ACH:WATER BILL","","Utilities",$52381.09,"",
"0001112223","CK",3/23/2026,($53.41),"DEBITCARD: Pet Supplies","","Pets",$52327.68,"",
"0001112223","CK",3/23/2026,($209.86),"DEBITCARD: Event Tickets","","Entertainment",$52117.82,"",
"0001112223","CK",3/23/2026,($10.59),"DEBITCARD: Ride Share","","Auto & Transport",$52107.23,"",
"0001112223","CK",3/24/2026,($41.31),"DEBITCARD: Pet Supplies","","Pets",$52065.92,"",
"0001112223","CK",3/25/2026,($32.83),"DEBITCARD: Books","","Shopping",$52033.09,"",
"0001112223","CK",3/27/2026,($1409.56),"ACH:CREDIT CARD PAYMENT","","Credit Card",$50623.53,"",
"0001112223","CK",3/27/2026,($138.20),"DEBITCARD: Event Tickets","","Entertainment",$50485.33,"",
"0001112223","CK",3/28/2026,($36.68),"DEBITCARD: Pet Supplies","","Pets",$50448.65,"",
"0001112223","CK",3/28/2026,($48.81),"DEBITCARD: Pet Supplies","","Pets",$50399.84,"",
"0001112223","CK",3/28/2026,($12.17),"DEBITCARD: Restaurant","","Food & Drink",$50387.67,"",
"0001112223","CK",3/29/2026,($7.08),"DEBITCARD: Streaming Add-on","","Entertainment",$50380.59,"",
"0001112223","CK",3/30/2026,($8.29),"DEBITCARD: Streaming Add-on","","Entertainment",$50372.30,"",
"0001112223","CK",3/31/2026,($97.73),"DEBITCARD: Grocery Store","","Groceries",$50274.57,"",
"0001112223","CK",3/31/2026,($83.23),"DEBITCARD: Hardware Store","","Home",$50191.34,"",
"0001112223","CK",4/1/2026,$3800.00,"ACH:VISTA TECH PAYROLL","","Misc. Income",$53991.34,"",
"0001112223","CK",4/1/2026,($2189.00),"ACH:Redwood Grove RENT","","Mortgage / Rent",$51802.34,"",
"0001112223","CK",4/2/2026,($194.52),"DEBITCARD: Event Tickets","","Entertainment",$51607.82,"",
"0001112223","CK",4/3/2026,($245.00),"ACH:HEALTH INSURANCE","","Insurance",$51362.82,"",
"0001112223","CK",4/5/2026,($425.00),"ACH:AUTO LOAN PAYMENT","","Auto & Transport",$50937.82,"budgeteer:goal=Auto Loan Down-payment",
"0001112223","CK",4/5/2026,($79.99),"ACH:ISP INTERNET BILL","","Internet",$50857.83,"",
"0001112223","CK",4/6/2026,($65.22),"DEBITCARD: Gas Station","","Gas / Fuel",$50792.61,"",
"0001112223","CK",4/6/2026,($36.26),"DEBITCARD: Gas Station","","Gas / Fuel",$50756.35,"",
"0001112223","CK",4/7/2026,($39.99),"ACH:GYM MEMBERSHIP","","Health",$50716.36,"",
"0001112223","CK",4/7/2026,($1163.30),"DEBITCARD: Travel Booking","","Travel",$49553.06,"",
"0001112223","CK",4/7/2026,($39.56),"DEBITCARD: Pharmacy","","Health",$49513.50,"",
"0001112223","CK",4/8/2026,($57.90),"DEBITCARD: Pharmacy","","Health",$49455.60,"",
"0001112223","CK",4/9/2026,($19.99),"ACH:STREAMING SUBSCRIPTION","","Entertainment",$49435.61,"",
"0001112223","CK",4/9/2026,($8.24),"DEBITCARD: Streaming Add-on","","Entertainment",$49427.37,"",
"0001112223","CK",4/10/2026,($20.78),"DEBITCARD: Restaurant","","Food & Drink",$49406.59,"",
"0001112223","CK",4/11/2026,($68.00),"ACH:MOBILE PHONE","","Utilities",$49338.59,"",
"0001112223","CK",4/11/2026,($210.00),"ACH:STUDENT LOAN SERVICER","","Loans",$49128.59,"",
"0001112223","CK",4/11/2026,$442.61,"ACH:MOONLIGHT GIG","","Misc. Income",$49571.20,"Side work",
"0001112223","CK",4/12/2026,($14.61),"DEBITCARD: Ride Share","","Auto & Transport",$49556.59,"",
"0001112223","CK",4/13/2026,($51.00),"DEBITCARD: Restaurant","","Food & Drink",$49505.59,"",
"0001112223","CK",4/13/2026,($171.11),"DEBITCARD: Grocery Store","","Groceries",$49334.48,"",
"0001112223","CK",4/14/2026,($131.14),"ACH:ELECTRIC BILL","","Utilities",$49203.34,"",
"0001112223","CK",4/14/2026,($124.41),"DEBITCARD: Clothing Store","","Shopping",$49078.93,"",
"0001112223","CK",4/14/2026,($49.54),"DEBITCARD: Clothing Store","","Shopping",$49029.39,"",
"0001112223","CK",4/14/2026,($98.47),"DEBITCARD: Grocery Store","","Groceries",$48930.92,"",
"0001112223","CK",4/14/2026,($152.03),"DEBITCARD: Grocery Store","","Groceries",$48778.89,"",
"0001112223","CK",4/15/2026,$3800.00,"ACH:VISTA TECH PAYROLL","","Misc. Income",$52578.89,"",
"0001112223","CK",4/15/2026,$2172.81,"US TREASURY TAX REFUND","","Misc. Income",$54751.70,"",
"0001112223","CK",4/15/2026,($110.74),"DEBITCARD: Event Tickets","","Entertainment",$54640.96,"",
"0001112223","CK",4/17/2026,($750.00),"Web Branch:TFR TO SV 0001112223","","Transfer",$53890.96,"budgeteer:apply=savings",
"0001112223","CK",4/17/2026,($18.00),"DEBITCARD: Books","","Shopping",$53872.96,"",
"0001112223","CK",4/18/2026,($43.85),"DEBITCARD: Pet Supplies","","Pets",$53829.11,"",
"0001112223","CK",4/19/2026,($48.93),"DEBITCARD: Gas Station","","Gas / Fuel",$53780.18,"",
"0001112223","CK",4/19/2026,($59.67),"DEBITCARD: Pharmacy","","Health",$53720.51,"",
"0001112223","CK",4/19/2026,($61.23),"DEBITCARD: Grocery Store","","Groceries",$53659.28,"",
"0001112223","CK",4/20/2026,($11.48),"DEBITCARD: Streaming Add-on","","Entertainment",$53647.80,"",
"0001112223","CK",4/21/2026,($202.28),"DEBITCARD: Grocery Store","","Groceries",$53445.52,"",
"0001112223","CK",4/22/2026,($46.06),"ACH:WATER BILL","","Utilities",$53399.46,"",
"0001112223","CK",4/23/2026,($16.40),"DEBITCARD: Pet Supplies","","Pets",$53383.06,"",
"0001112223","CK",4/23/2026,($69.56),"DEBITCARD: Clothing Store","","Shopping",$53313.50,"",
"0001112223","CK",4/23/2026,($121.98),"DEBITCARD: Clothing Store","","Shopping",$53191.52,"",
"0001112223","CK",4/24/2026,($1059.49),"ACH:CREDIT CARD PAYMENT","","Credit Card",$52132.03,"",
"0001112223","CK",4/24/2026,($21.89),"DEBITCARD: Books","","Shopping",$52110.14,"",
"0001112223","CK",4/25/2026,($104.51),"DEBITCARD: Clothing Store","","Shopping",$52005.63,"",
"0001112223","CK",4/26/2026,($36.11),"DEBITCARD: Gas Station","","Gas / Fuel",$51969.52,"",
"0001112223","CK",4/26/2026,($57.07),"DEBITCARD: Gas Station","","Gas / Fuel",$51912.45,"",
"0001112223","CK",4/26/2026,($26.89),"DEBITCARD: Books","","Shopping",$51885.56,"",
"0001112223","CK",4/27/2026,($40.84),"DEBITCARD: Pet Supplies","","Pets",$51844.72,"",
"0001112223","CK",4/29/2026,($56.34),"DEBITCARD: Restaurant","","Food & Drink",$51788.38,"",
"0001112223","CK",4/29/2026,($156.56),"DEBITCARD: Grocery Store","","Groceries",$51631.82,"",
"0001112223","CK",5/1/2026,$3800.00,"ACH:VISTA TECH PAYROLL","","Misc. Income",$55431.82,"",
"0001112223","CK",5/1/2026,($2189.00),"ACH:Redwood Grove RENT","","Mortgage / Rent",$53242.82,"",
"0001112223","CK",5/2/2026,($245.00),"ACH:HEALTH INSURANCE","","Insurance",$52997.82,"",
"0001112223","CK",5/2/2026,($34.70),"DEBITCARD: Restaurant","","Food & Drink",$52963.12,"",
"0001112223","CK",5/3/2026,($34.05),"DEBITCARD: Clothing Store","","Shopping",$52929.07,"",
"0001112223","CK",5/3/2026,($9.52),"DEBITCARD: Coffee Shop","","Food & Drink",$52919.55,"",
"0001112223","CK",5/4/2026,($425.00),"ACH:AUTO LOAN PAYMENT","","Auto & Transport",$52494.55,"budgeteer:goal=Auto Loan Down-payment",
"0001112223","CK",5/4/2026,($9.57),"DEBITCARD: Streaming Add-on","","Entertainment",$52484.98,"",
"0001112223","CK",5/4/2026,($17.58),"DEBITCARD: Ride Share","","Auto & Transport",$52467.40,"",
"0001112223","CK",5/5/2026,($79.99),"ACH:ISP INTERNET BILL","","Internet",$52387.41,"",
"0001112223","CK",5/5/2026,($10.24),"DEBITCARD: Coffee Shop","","Food & Drink",$52377.17,"",
"0001112223","CK",5/6/2026,($71.37),"DEBITCARD: Clothing Store","","Shopping",$52305.80,"",
"0001112223","CK",5/6/2026,($14.36),"DEBITCARD: Pet Supplies","","Pets",$52291.44,"",
"0001112223","CK",5/7/2026,($15.25),"DEBITCARD: Pet Supplies","","Pets",$52276.19,"",
"0001112223","CK",5/8/2026,($39.99),"ACH:GYM MEMBERSHIP","","Health",$52236.20,"",
"0001112223","CK",5/8/2026,($19.99),"ACH:STREAMING SUBSCRIPTION","","Entertainment",$52216.21,"",
"0001112223","CK",5/9/2026,($68.00),"ACH:MOBILE PHONE","","Utilities",$52148.21,"",
"0001112223","CK",5/10/2026,($75.39),"DEBITCARD: Clothing Store","","Shopping",$52072.82,"",
"0001112223","CK",5/12/2026,$606.87,"ACH:MOONLIGHT GIG","","Misc. Income",$52679.69,"Side work",
"0001112223","CK",5/12/2026,($27.16),"DEBITCARD: Ride Share","","Auto & Transport",$52652.53,"",
"0001112223","CK",5/13/2026,($210.00),"ACH:STUDENT LOAN SERVICER","","Loans",$52442.53,"",
"0001112223","CK",5/13/2026,($146.64),"ACH:ELECTRIC BILL","","Utilities",$52295.89,"",
"0001112223","CK",5/13/2026,($57.93),"DEBITCARD: Restaurant","","Food & Drink",$52237.96,"",
"0001112223","CK",5/13/2026,($76.05),"DEBITCARD: Hardware Store","","Home",$52161.91,"",
"0001112223","CK",5/15/2026,$3800.00,"ACH:VISTA TECH PAYROLL","","Misc. Income",$55961.91,"",
"0001112223","CK",5/16/2026,($750.00),"Web Branch:TFR TO SV 0001112223","","Transfer",$55211.91,"budgeteer:apply=savings",
"0001112223","CK",5/17/2026,($9.06),"DEBITCARD: Coffee Shop","","Food & Drink",$55202.85,"",
"0001112223","CK",5/18/2026,($30.81),"DEBITCARD: Pet Supplies","","Pets",$55172.04,"",
"0001112223","CK",5/18/2026,($24.24),"DEBITCARD: Pet Supplies","","Pets",$55147.80,"",
"0001112223","CK",5/19/2026,($51.40),"DEBITCARD: Restaurant","","Food & Drink",$55096.40,"",
"0001112223","CK",5/21/2026,($42.21),"ACH:WATER BILL","","Utilities",$55054.19,"",
"0001112223","CK",5/21/2026,$250.44,"ACH:MOONLIGHT GIG","","Misc. Income",$55304.63,"Side work",
"0001112223","CK",5/21/2026,($1810.47),"DEBITCARD: Travel Booking","","Travel",$53494.16,"",
"0001112223","CK",5/21/2026,($41.67),"DEBITCARD: Restaurant","","Food & Drink",$53452.49,"",
"0001112223","CK",5/21/2026,($52.89),"DEBITCARD: Gas Station","","Gas / Fuel",$53399.60,"budgeteer:category=Transportation",
"0001112223","CK",5/21/2026,($106.26),"DEBITCARD: Grocery Store","","Groceries",$53293.34,"",
"0001112223","CK",5/22/2026,($61.67),"DEBITCARD: Restaurant","","Food & Drink",$53231.67,"",
"0001112223","CK",5/24/2026,($9.42),"DEBITCARD: Coffee Shop","","Food & Drink",$53222.25,"",
"0001112223","CK",5/25/2026,($709.42),"ACH:CREDIT CARD PAYMENT","","Credit Card",$52512.83,"",
"0001112223","CK",5/25/2026,($145.33),"DEBITCARD: Event Tickets","","Entertainment",$52367.50,"",
"0001112223","CK",5/26/2026,$6.35,"DIVIDEND PAYMENT","","Misc. Income",$52373.85,"",
"0001112223","CK",5/26/2026,($135.00),"DEBITCARD: Event Tickets","","Entertainment",$52238.85,"",
"0001112223","CK",5/27/2026,($49.47),"DEBITCARD: Pharmacy","","Health",$52189.38,"",
"0001112223","CK",5/27/2026,($78.77),"DEBITCARD: Hardware Store","","Home",$52110.61,"",
"0001112223","CK",5/27/2026,($10.68),"DEBITCARD: Books","","Shopping",$52099.93,"",
"0001112223","CK",5/29/2026,($24.95),"DEBITCARD: Pet Supplies","","Pets",$52074.98,"",
"0001112223","CK",5/29/2026,($34.09),"DEBITCARD: Pet Supplies","","Pets",$52040.89,"",
"0001112223","CK",5/29/2026,($10.49),"DEBITCARD: Pharmacy","","Health",$52030.40,"",
"0001112223","CK",5/30/2026,($6.43),"DEBITCARD: Coffee Shop","","Food & Drink",$52023.97,"",
"0001112223","CK",5/31/2026,($39.75),"DEBITCARD: Pet Supplies","","Pets",$51984.22,"",
"0001112223","CK",6/1/2026,$3800.00,"ACH:VISTA TECH PAYROLL","","Misc. Income",$55784.22,"",
"0001112223","CK",6/1/2026,($2189.00),"ACH:Redwood Grove RENT","","Mortgage / Rent",$53595.22,"",
"0001112223","CK",6/1/2026,($29.85),"DEBITCARD: Restaurant","","Food & Drink",$53565.37,"",
"0001112223","CK",6/1/2026,($5.98),"DEBITCARD: Streaming Add-on","","Entertainment",$53559.39,"",
"0001112223","CK",6/1/2026,($30.60),"DEBITCARD: Books","","Shopping",$53528.79,"",
"0001112223","CK",6/2/2026,($217.97),"DEBITCARD: Event Tickets","","Entertainment",$53310.82,"",
"0001112223","CK",6/2/2026,($18.12),"DEBITCARD: Pet Supplies","","Pets",$53292.70,"",
"0001112223","CK",6/2/2026,($46.77),"DEBITCARD: Gas Station","","Gas / Fuel",$53245.93,"",
"0001112223","CK",6/3/2026,($245.00),"ACH:HEALTH INSURANCE","","Insurance",$53000.93,"",
"0001112223","CK",6/5/2026,($79.99),"ACH:ISP INTERNET BILL","","Internet",$52920.94,"",
"0001112223","CK",6/5/2026,($35.49),"DEBITCARD: Clothing Store","","Shopping",$52885.45,"",
"0001112223","CK",6/6/2026,($425.00),"ACH:AUTO LOAN PAYMENT","","Auto & Transport",$52460.45,"budgeteer:goal=Auto Loan Down-payment",
"0001112223","CK",6/6/2026,$771.12,"ACH:MOONLIGHT GIG","","Misc. Income",$53231.57,"Side work",
"0001112223","CK",6/8/2026,($39.99),"ACH:GYM MEMBERSHIP","","Health",$53191.58,"",
"0001112223","CK",6/8/2026,($6.57),"DEBITCARD: Coffee Shop","","Food & Drink",$53185.01,"",
"0001112223","CK",6/10/2026,($19.99),"ACH:STREAMING SUBSCRIPTION","","Entertainment",$53165.02,"",
"0001112223","CK",6/10/2026,($68.00),"ACH:MOBILE PHONE","","Utilities",$53097.02,"",
"0001112223","CK",6/10/2026,($63.03),"DEBITCARD: Pharmacy","","Health",$53033.99,"",
"0001112223","CK",6/11/2026,($75.97),"DEBITCARD: Clothing Store","","Shopping",$52958.02,"",
"0001112223","CK",6/11/2026,($14.89),"DEBITCARD: Books","","Shopping",$52943.13,"",
"0001112223","CK",6/11/2026,($3.46),"DEBITCARD: Coffee Shop","","Food & Drink",$52939.67,"",
"0001112223","CK",6/12/2026,($177.15),"ACH:ELECTRIC BILL","","Utilities",$52762.52,"",
"0001112223","CK",6/12/2026,($20.33),"DEBITCARD: Ride Share","","Auto & Transport",$52742.19,"",
"0001112223","CK",6/13/2026,($210.00),"ACH:STUDENT LOAN SERVICER","","Loans",$52532.19,"",
"0001112223","CK",6/13/2026,($41.89),"DEBITCARD: Pet Supplies","","Pets",$52490.30,"",
"0001112223","CK",6/14/2026,($55.33),"DEBITCARD: Pharmacy","","Health",$52434.97,"",
"0001112223","CK",6/14/2026,($43.43),"DEBITCARD: Restaurant","","Food & Drink",$52391.54,"",
"0001112223","CK",6/14/2026,($60.62),"DEBITCARD: Restaurant","","Food & Drink",$52330.92,"",
"0001112223","CK",6/15/2026,$3800.00,"ACH:VISTA TECH PAYROLL","","Misc. Income",$56130.92,"",
"0001112223","CK",6/15/2026,($46.54),"DEBITCARD: Pet Supplies","","Pets",$56084.38,"",
"0001112223","CK",6/16/2026,($750.00),"Web Branch:TFR TO SV 0001112223","","Transfer",$55334.38,"budgeteer:apply=savings",
"0001112223","CK",6/16/2026,($59.03),"DEBITCARD: Hardware Store","","Home",$55275.35,"",
"0001112223","CK",6/16/2026,($9.97),"DEBITCARD: Coffee Shop","","Food & Drink",$55265.38,"",
"0001112223","CK",6/18/2026,($47.62),"DEBITCARD: Pharmacy","","Health",$55217.76,"",
"0001112223","CK",6/20/2026,($172.55),"DEBITCARD: Grocery Store","","Groceries",$55045.21,"",
"0001112223","CK",6/20/2026,($70.36),"DEBITCARD: Hardware Store","","Home",$54974.85,"",
"0001112223","CK",6/21/2026,($38.36),"ACH:WATER BILL","","Utilities",$54936.49,"",
"0001112223","CK",6/22/2026,$3.48,"DIVIDEND PAYMENT","","Misc. Income",$54939.97,"",
"0001112223","CK",6/22/2026,($1935.51),"DEBITCARD: Airline","","Travel",$53004.46,"",
"0001112223","CK",6/22/2026,($209.35),"DEBITCARD: Event Tickets","","Entertainment",$52795.11,"",
"0001112223","CK",6/22/2026,($22.68),"DEBITCARD: Hardware Store","","Home",$52772.43,"",
"0001112223","CK",6/22/2026,($15.46),"DEBITCARD: Pharmacy","","Health",$52756.97,"",
"0001112223","CK",6/23/2026,($47.74),"DEBITCARD: Clothing Store","","Shopping",$52709.23,"",
"0001112223","CK",6/24/2026,($30.70),"DEBITCARD: Pharmacy","","Health",$52678.53,"",
"0001112223","CK",6/24/2026,($52.44),"DEBITCARD: Pet Supplies","","Pets",$52626.09,"",
"0001112223","CK",6/25/2026,($8.67),"DEBITCARD: Streaming Add-on","","Entertainment",$52617.42,"",
"0001112223","CK",6/25/2026,($116.36),"DEBITCARD: Grocery Store","","Groceries",$52501.06,"",
"0001112223","CK",6/27/2026,($1559.34),"ACH:CREDIT CARD PAYMENT","","Credit Card",$50941.72,"",
"0001112223","CK",6/28/2026,($82.14),"DEBITCARD: Hardware Store","","Home",$50859.58,"",
"0001112223","CK",6/30/2026,($6.30),"DEBITCARD: Coffee Shop","","Food & Drink",$50853.28,"",
"0001112223","CK",7/1/2026,$3800.00,"ACH:VISTA TECH PAYROLL","","Misc. Income",$54653.28,"",
"0001112223","CK",7/1/2026,($2189.00),"ACH:Redwood Grove RENT","","Mortgage / Rent",$52464.28,"",
"0001112223","CK",7/2/2026,($245.00),"ACH:HEALTH INSURANCE","","Insurance",$52219.28,"",
"0001112223","CK",7/3/2026,($205.32),"DEBITCARD: Grocery Store","","Groceries",$52013.96,"",
"0001112223","CK",7/3/2026,($63.37),"DEBITCARD: Clothing Store","","Shopping",$51950.59,"",
"0001112223","CK",7/5/2026,($79.99),"ACH:ISP INTERNET BILL","","Internet",$51870.60,"",
"0001112223","CK",7/5/2026,($111.87),"DEBITCARD: Grocery Store","","Groceries",$51758.73,"",
"0001112223","CK",7/6/2026,($425.00),"ACH:AUTO LOAN PAYMENT","","Auto & Transport",$51333.73,"budgeteer:goal=Auto Loan Down-payment",
"0001112223","CK",7/6/2026,($75.35),"DEBITCARD: Gas Station","","Gas / Fuel",$51258.38,"",
"0001112223","CK",7/7/2026,$935.38,"ACH:MOONLIGHT GIG","","Misc. Income",$52193.76,"Side work",
"0001112223","CK",7/7/2026,($7.08),"DEBITCARD: Pharmacy","","Health",$52186.68,"",
"0001112223","CK",7/7/2026,($203.56),"DEBITCARD: Event Tickets","","Entertainment",$51983.12,"",
"0001112223","CK",7/8/2026,($46.60),"DEBITCARD: Clothing Store","","Shopping",$51936.52,"",
"0001112223","CK",7/9/2026,($39.99),"ACH:GYM MEMBERSHIP","","Health",$51896.53,"",
"0001112223","CK",7/9/2026,($19.99),"ACH:STREAMING SUBSCRIPTION","","Entertainment",$51876.54,"",
"0001112223","CK",7/9/2026,($68.00),"ACH:MOBILE PHONE","","Utilities",$51808.54,"",
"0001112223","CK",7/9/2026,($136.71),"DEBITCARD: Grocery Store","","Groceries",$51671.83,"",
"0001112223","CK",7/9/2026,($7.02),"DEBITCARD: Coffee Shop","","Food & Drink",$51664.81,"",
"0001112223","CK",7/11/2026,($192.65),"ACH:ELECTRIC BILL","","Utilities",$51472.16,"",
"0001112223","CK",7/11/2026,($96.27),"DEBITCARD: Clothing Store","","Shopping",$51375.89,"",
"0001112223","CK",7/11/2026,($9.52),"DEBITCARD: Coffee Shop","","Food & Drink",$51366.37,"",
"0001112223","CK",7/12/2026,($210.00),"ACH:STUDENT LOAN SERVICER","","Loans",$51156.37,"",
"0001112223","CK",7/12/2026,($4.15),"DEBITCARD: Coffee Shop","","Food & Drink",$51152.22,"",
"0001112223","CK",7/13/2026,($7.06),"DEBITCARD: Streaming Add-on","","Entertainment",$51145.16,"",
"0001112223","CK",7/14/2026,($95.46),"DEBITCARD: Event Tickets","","Entertainment",$51049.70,"",
"0001112223","CK",7/15/2026,$3800.00,"ACH:VISTA TECH PAYROLL","","Misc. Income",$54849.70,"",
"0001112223","CK",7/15/2026,($750.00),"Web Branch:TFR TO SV 0001112223","","Transfer",$54099.70,"budgeteer:apply=savings",
"0001112223","CK",7/17/2026,($44.79),"DEBITCARD: Gas Station","","Gas / Fuel",$54054.91,"",
"0001112223","CK",7/18/2026,($60.27),"DEBITCARD: Restaurant","","Food & Drink",$53994.64,"",
"0001112223","CK",7/18/2026,($41.19),"DEBITCARD: Restaurant","","Food & Drink",$53953.45,"",
"0001112223","CK",7/18/2026,($26.18),"DEBITCARD: Ride Share","","Auto & Transport",$53927.27,"",
"0001112223","CK",7/20/2026,($47.51),"ACH:WATER BILL","","Utilities",$53879.76,"",
"0001112223","CK",7/20/2026,($77.70),"DEBITCARD: Hardware Store","","Home",$53802.06,"",
"0001112223","CK",7/21/2026,($61.27),"DEBITCARD: Restaurant","","Food & Drink",$53740.79,"",
"0001112223","CK",7/22/2026,($28.32),"DEBITCARD: Restaurant","","Food & Drink",$53712.47,"",
"0001112223","CK",7/22/2026,($184.23),"DEBITCARD: Grocery Store","","Groceries",$53528.24,"",
"0001112223","CK",7/23/2026,($1209.27),"ACH:CREDIT CARD PAYMENT","","Credit Card",$52318.97,"",
"0001112223","CK",7/23/2026,($5.56),"DEBITCARD: Coffee Shop","","Food & Drink",$52313.41,"",
"0001112223","CK",7/23/2026,($10.23),"DEBITCARD: Coffee Shop","","Food & Drink",$52303.18,"",
"0001112223","CK",7/24/2026,($121.56),"DEBITCARD: Event Tickets","","Entertainment",$52181.62,"",
"0001112223","CK",7/24/2026,($18.65),"DEBITCARD: Restaurant","","Food & Drink",$52162.97,"",
"0001112223","CK",7/25/2026,($15.54),"DEBITCARD: Pharmacy","","Health",$52147.43,"",
"0001112223","CK",7/25/2026,($30.49),"DEBITCARD: Pet Supplies","","Pets",$52116.94,"",
"0001112223","CK",7/25/2026,($62.58),"DEBITCARD: Gas Station","","Gas / Fuel",$52054.36,"",
"0001112223","CK",7/26/2026,($94.30),"DEBITCARD: Clothing Store","","Shopping",$51960.06,"",
"0001112223","CK",7/26/2026,($15.36),"DEBITCARD: Ride Share","","Auto & Transport",$51944.70,"",
"0001112223","CK",7/27/2026,($50.96),"DEBITCARD: Restaurant","","Food & Drink",$51893.74,"",
"0001112223","CK",7/28/2026,($16.03),"DEBITCARD: Restaurant","","Food & Drink",$51877.71,"",
"0001112223","CK",7/30/2026,($21.30),"DEBITCARD: Restaurant","","Food & Drink",$51856.41,"",
"0001112223","CK",7/30/2026,($60.23),"DEBITCARD: Hardware Store","","Home",$51796.18,"",
"0001112223","CK",8/1/2026,$3800.00,"ACH:VISTA TECH PAYROLL","","Misc. Income",$55596.18,"",
"0001112223","CK",8/1/2026,($2189.00),"ACH:Redwood Grove RENT","","Mortgage / Rent",$53407.18,"",
"0001112223","CK",8/1/2026,($46.26),"DEBITCARD: Pet Supplies","","Pets",$53360.92,"",
"0001112223","CK",8/3/2026,($245.00),"ACH:HEALTH INSURANCE","","Insurance",$53115.92,"",
"0001112223","CK",8/3/2026,($36.88),"DEBITCARD: Gas Station","","Gas / Fuel",$53079.04,"",
"0001112223","CK",8/5/2026,($425.00),"ACH:AUTO LOAN PAYMENT","","Auto & Transport",$52654.04,"budgeteer:goal=Auto Loan Down-payment",
"0001112223","CK",8/5/2026,($79.99),"ACH:ISP INTERNET BILL","","Internet",$52574.05,"",
"0001112223","CK",8/6/2026,($7.78),"DEBITCARD: Streaming Add-on","","Entertainment",$52566.27,"",
"0001112223","CK",8/6/2026,($73.13),"DEBITCARD: Hardware Store","","Home",$52493.14,"",
"0001112223","CK",8/6/2026,($31.88),"DEBITCARD: Restaurant","","Food & Drink",$52461.26,"",
"0001112223","CK",8/6/2026,($180.52),"DEBITCARD: Grocery Store","","Groceries",$52280.74,"",
"0001112223","CK",8/7/2026,($41.48),"DEBITCARD: Pet Supplies","","Pets",$52239.26,"",
"0001112223","CK",8/7/2026,($14.68),"DEBITCARD: Pharmacy","","Health",$52224.58,"",
"0001112223","CK",8/8/2026,($19.99),"ACH:STREAMING SUBSCRIPTION","","Entertainment",$52204.59,"",
"0001112223","CK",8/8/2026,$279.63,"ACH:MOONLIGHT GIG","","Misc. Income",$52484.22,"Side work",
"0001112223","CK",8/9/2026,($39.99),"ACH:GYM MEMBERSHIP","","Health",$52444.23,"",
"0001112223","CK",8/9/2026,($10.12),"DEBITCARD: Coffee Shop","","Food & Drink",$52434.11,"",
"0001112223","CK",8/9/2026,($28.31),"DEBITCARD: Pharmacy","","Health",$52405.80,"",
"0001112223","CK",8/10/2026,($68.00),"ACH:MOBILE PHONE","","Utilities",$52337.80,"",
"0001112223","CK",8/10/2026,($5.28),"DEBITCARD: Streaming Add-on","","Entertainment",$52332.52,"",
"0001112223","CK",8/11/2026,($210.00),"ACH:STUDENT LOAN SERVICER","","Loans",$52122.52,"",
"0001112223","CK",8/12/2026,($87.47),"DEBITCARD: Event Tickets","","Entertainment",$52035.05,"",
"0001112223","CK",8/12/2026,($166.27),"DEBITCARD: Grocery Store","","Groceries",$51868.78,"",
"0001112223","CK",8/13/2026,($160.50),"DEBITCARD: Grocery Store","","Groceries",$51708.28,"",
"0001112223","CK",8/14/2026,($34.30),"DEBITCARD: Pet Supplies","","Pets",$51673.98,"",
"0001112223","CK",8/15/2026,$3800.00,"ACH:VISTA TECH PAYROLL","","Misc. Income",$55473.98,"",
"0001112223","CK",8/15/2026,($208.15),"ACH:ELECTRIC BILL","","Utilities",$55265.83,"",
"0001112223","CK",8/15/2026,($750.00),"Web Branch:TFR TO SV 0001112223","","Transfer",$54515.83,"budgeteer:apply=savings",
"0001112223","CK",8/15/2026,($161.19),"DEBITCARD: Event Tickets","","Entertainment",$54354.64,"",
"0001112223","CK",8/15/2026,($89.37),"DEBITCARD: Grocery Store","","Groceries",$54265.27,"",
"0001112223","CK",8/17/2026,($157.36),"DEBITCARD: Event Tickets","","Entertainment",$54107.91,"",
"0001112223","CK",8/18/2026,($29.03),"DEBITCARD: Restaurant","","Food & Drink",$54078.88,"",
"0001112223","CK",8/20/2026,($77.99),"DEBITCARD: Hardware Store","","Home",$54000.89,"",
"0001112223","CK",8/20/2026,($55.48),"DEBITCARD: Pharmacy","","Health",$53945.41,"",
"0001112223","CK",8/21/2026,($62.10),"DEBITCARD: Clothing Store","","Shopping",$53883.31,"",
"0001112223","CK",8/21/2026,($43.67),"DEBITCARD: Pharmacy","","Health",$53839.64,"",
"0001112223","CK",8/22/2026,($10.56),"DEBITCARD: Streaming Add-on","","Entertainment",$53829.08,"",
"0001112223","CK",8/24/2026,($43.66),"ACH:WATER BILL","","Utilities",$53785.42,"",
"0001112223","CK",8/24/2026,($128.43),"DEBITCARD: Grocery Store","","Groceries",$53656.99,"",
"0001112223","CK",8/25/2026,($859.20),"ACH:CREDIT CARD PAYMENT","","Credit Card",$52797.79,"",
"0001112223","CK",8/25/2026,($111.88),"DEBITCARD: Clothing Store","","Shopping",$52685.91,"",
"0001112223","CK",8/25/2026,($8.17),"DEBITCARD: Coffee Shop","","Food & Drink",$52677.74,"",
"0001112223","CK",8/25/2026,($77.90),"DEBITCARD: Hardware Store","","Home",$52599.84,"",
"0001112223","CK",8/26/2026,($11.41),"DEBITCARD: Books","","Shopping",$52588.43,"",
"0001112223","CK",8/27/2026,($64.90),"DEBITCARD: Event Tickets","","Entertainment",$52523.53,"",
"0001112223","CK",8/27/2026,($28.62),"DEBITCARD: Books","","Shopping",$52494.91,"",
"0001112223","CK",8/28/2026,($54.63),"DEBITCARD: Event Tickets","","Entertainment",$52440.28,"",
"0001112223","CK",8/29/2026,($137.28),"DEBITCARD: Grocery Store","","Groceries",$52303.00,"",
"0001112223","CK",8/29/2026,($11.56),"DEBITCARD: Streaming Add-on","","Entertainment",$52291.44,"",
"0001112223","CK",8/31/2026,($27.49),"DEBITCARD: Ride Share","","Auto & Transport",$52263.95,"",
"0001112223","CK",9/1/2026,$3800.00,"ACH:VISTA TECH PAYROLL","","Misc. Income",$56063.95,"",
"0001112223","CK",9/1/2026,($2189.00),"ACH:Redwood Grove RENT","","Mortgage / Rent",$53874.95,"",
"0001112223","CK",9/1/2026,($245.00),"ACH:HEALTH INSURANCE","","Insurance",$53629.95,"",
"0001112223","CK",9/1/2026,($26.13),"DEBITCARD: Restaurant","","Food & Drink",$53603.82,"",
"0001112223","CK",9/1/2026,($53.71),"DEBITCARD: Clothing Store","","Shopping",$53550.11,"",
"0001112223","CK",9/3/2026,($111.33),"DEBITCARD: Event Tickets","","Entertainment",$53438.78,"",
"0001112223","CK",9/4/2026,($425.00),"ACH:AUTO LOAN PAYMENT","","Auto & Transport",$53013.78,"budgeteer:goal=Auto Loan Down-payment",
"0001112223","CK",9/4/2026,($10.01),"DEBITCARD: Coffee Shop","","Food & Drink",$53003.77,"",
"0001112223","CK",9/5/2026,($79.99),"ACH:ISP INTERNET BILL","","Internet",$52923.78,"",
"0001112223","CK",9/5/2026,($43.03),"DEBITCARD: Pharmacy","","Health",$52880.75,"",
"0001112223","CK",9/5/2026,($35.85),"DEBITCARD: Event Tickets","","Entertainment",$52844.90,"",
"0001112223","CK",9/6/2026,($36.77),"DEBITCARD: Restaurant","","Food & Drink",$52808.13,"",
"0001112223","CK",9/7/2026,($99.22),"DEBITCARD: Clothing Store","","Shopping",$52708.91,"",
"0001112223","CK",9/7/2026,($79.03),"DEBITCARD: Clothing Store","","Shopping",$52629.88,"",
"0001112223","CK",9/9/2026,($39.99),"ACH:GYM MEMBERSHIP","","Health",$52589.89,"",
"0001112223","CK",9/9/2026,$443.89,"ACH:MOONLIGHT GIG","","Misc. Income",$53033.78,"Side work",
"0001112223","CK",9/9/2026,($59.14),"DEBITCARD: Restaurant","","Food & Drink",$52974.64,"",
"0001112223","CK",9/9/2026,($52.12),"DEBITCARD: Hardware Store","","Home",$52922.52,"",
"0001112223","CK",9/9/2026,($35.37),"DEBITCARD: Pet Supplies","","Pets",$52887.15,"",
"0001112223","CK",9/10/2026,($19.99),"ACH:STREAMING SUBSCRIPTION","","Entertainment",$52867.16,"",
"0001112223","CK",9/11/2026,($68.00),"ACH:MOBILE PHONE","","Utilities",$52799.16,"",
"0001112223","CK",9/11/2026,($69.65),"DEBITCARD: Hardware Store","","Home",$52729.51,"",
"0001112223","CK",9/11/2026,($90.80),"DEBITCARD: Grocery Store","","Groceries",$52638.71,"",
"0001112223","CK",9/12/2026,($9.99),"DEBITCARD: Streaming Add-on","","Entertainment",$52628.72,"",
"0001112223","CK",9/12/2026,($6.29),"DEBITCARD: Coffee Shop","","Food & Drink",$52622.43,"",
"0001112223","CK",9/13/2026,($210.00),"ACH:STUDENT LOAN SERVICER","","Loans",$52412.43,"",
"0001112223","CK",9/13/2026,($206.44),"DEBITCARD: Grocery Store","","Groceries",$52205.99,"",
"0001112223","CK",9/13/2026,($7.66),"DEBITCARD: Streaming Add-on","","Entertainment",$52198.33,"",
"0001112223","CK",9/14/2026,($183.65),"ACH:ELECTRIC BILL","","Utilities",$52014.68,"",
"0001112223","CK",9/14/2026,($12.91),"DEBITCARD: Ride Share","","Auto & Transport",$52001.77,"",
"0001112223","CK",9/15/2026,$3800.00,"ACH:VISTA TECH PAYROLL","","Misc. Income",$55801.77,"",
"0001112223","CK",9/15/2026,($59.80),"DEBITCARD: Restaurant","","Food & Drink",$55741.97,"",
"0001112223","CK",9/17/2026,($750.00),"Web Branch:TFR TO SV 0001112223","","Transfer",$54991.97,"budgeteer:apply=savings",
"0001112223","CK",9/18/2026,($56.83),"DEBITCARD: Gas Station","","Gas / Fuel",$54935.14,"",
"0001112223","CK",9/18/2026,($10.13),"DEBITCARD: Pharmacy","","Health",$54925.01,"",
"0001112223","CK",9/19/2026,($44.59),"DEBITCARD: Restaurant","","Food & Drink",$54880.42,"",
"0001112223","CK",9/19/2026,($16.19),"DEBITCARD: Pet Supplies","","Pets",$54864.23,"",
"0001112223","CK",9/20/2026,($3.25),"DEBITCARD: Coffee Shop","","Food & Drink",$54860.98,"",
"0001112223","CK",9/22/2026,($22.55),"DEBITCARD: Pet Supplies","","Pets",$54838.43,"",
"0001112223","CK",9/24/2026,($39.81),"ACH:WATER BILL","","Utilities",$54798.62,"",
"0001112223","CK",9/24/2026,($52.72),"DEBITCARD: Gas Station","","Gas / Fuel",$54745.90,"",
"0001112223","CK",9/25/2026,$9.32,"DIVIDEND PAYMENT","","Misc. Income",$54755.22,"",
"0001112223","CK",9/26/2026,($55.80),"DEBITCARD: Restaurant","","Food & Drink",$54699.42,"",
"0001112223","CK",9/27/2026,($1709.13),"ACH:CREDIT CARD PAYMENT","","Credit Card",$52990.29,"",
"0001112223","CK",9/27/2026,($47.15),"DEBITCARD: Hardware Store","","Home",$52943.14,"",
"0001112223","CK",9/27/2026,($66.72),"DEBITCARD: Hardware Store","","Home",$52876.42,"",
"0001112223","CK",9/27/2026,($154.01),"DEBITCARD: Grocery Store","","Groceries",$52722.41,"",
"0001112223","CK",9/28/2026,($50.36),"DEBITCARD: Pharmacy","","Health",$52672.05,"",
"0001112223","CK",9/29/2026,($67.55),"DEBITCARD: Gas Station","","Gas / Fuel",$52604.50,"",
"0001112223","CK",9/29/2026,($5.52),"DEBITCARD: Coffee Shop","","Food & Drink",$52598.98,"",
"0001112223","CK",10/1/2026,$3800.00,"ACH:VISTA TECH PAYROLL","","Misc. Income",$56398.98,"",
"0001112223","CK",10/1/2026,($2189.00),"ACH:Redwood Grove RENT","","Mortgage / Rent",$54209.98,"",
"0001112223","CK",10/1/2026,($31.71),"DEBITCARD: Pet Supplies","","Pets",$54178.27,"",
"0001112223","CK",10/2/2026,($19.43),"DEBITCARD: Pharmacy","","Health",$54158.84,"",
"0001112223","CK",10/3/2026,($245.00),"ACH:HEALTH INSURANCE","","Insurance",$53913.84,"",
"0001112223","CK",10/3/2026,($34.00),"DEBITCARD: Books","","Shopping",$53879.84,"",
"0001112223","CK",10/4/2026,($136.37),"DEBITCARD: Event Tickets","","Entertainment",$53743.47,"",
"0001112223","CK",10/5/2026,($79.99),"ACH:ISP INTERNET BILL","","Internet",$53663.48,"",
"0001112223","CK",10/5/2026,($5.71),"DEBITCARD: Coffee Shop","","Food & Drink",$53657.77,"",
"0001112223","CK",10/5/2026,($21.16),"DEBITCARD: Pharmacy","","Health",$53636.61,"",
"0001112223","CK",10/5/2026,($17.58),"DEBITCARD: Pet Supplies","","Pets",$53619.03,"",
"0001112223","CK",10/6/2026,($425.00),"ACH:AUTO LOAN PAYMENT","","Auto & Transport",$53194.03,"budgeteer:goal=Auto Loan Down-payment",
"0001112223","CK",10/6/2026,($61.35),"DEBITCARD: Hardware Store","","Home",$53132.68,"",
"0001112223","CK",10/6/2026,($61.86),"DEBITCARD: Grocery Store","","Groceries",$53070.82,"",
"0001112223","CK",10/6/2026,($62.84),"DEBITCARD: Gas Station","","Gas / Fuel",$53007.98,"",
"0001112223","CK",10/6/2026,($81.04),"DEBITCARD: Hardware Store","","Home",$52926.94,"",
"0001112223","CK",10/7/2026,($39.99),"ACH:GYM MEMBERSHIP","","Health",$52886.95,"",
"0001112223","CK",10/7/2026,($6.39),"DEBITCARD: Streaming Add-on","","Entertainment",$52880.56,"",
"0001112223","CK",10/7/2026,($99.50),"DEBITCARD: Grocery Store","","Groceries",$52781.06,"",
"0001112223","CK",10/9/2026,($101.68),"DEBITCARD: Event Tickets","","Entertainment",$52679.38,"",
"0001112223","CK",10/10/2026,($19.99),"ACH:STREAMING SUBSCRIPTION","","Entertainment",$52659.39,"",
"0001112223","CK",10/10/2026,($68.00),"ACH:MOBILE PHONE","","Utilities",$52591.39,"",
"0001112223","CK",10/10/2026,($21.66),"DEBITCARD: Pet Supplies","","Pets",$52569.73,"",
"0001112223","CK",10/11/2026,($59.17),"DEBITCARD: Restaurant","","Food & Drink",$52510.56,"",
"0001112223","CK",10/12/2026,($210.00),"ACH:STUDENT LOAN SERVICER","","Loans",$52300.56,"",
"0001112223","CK",10/12/2026,($44.58),"DEBITCARD: Gas Station","","Gas / Fuel",$52255.98,"",
"0001112223","CK",10/13/2026,($144.15),"ACH:ELECTRIC BILL","","Utilities",$52111.83,"",
"0001112223","CK",10/13/2026,($8.62),"DEBITCARD: Coffee Shop","","Food & Drink",$52103.21,"",
"0001112223","CK",10/13/2026,($74.04),"DEBITCARD: Grocery Store","","Groceries",$52029.17,"",
"0001112223","CK",10/15/2026,$3800.00,"ACH:VISTA TECH PAYROLL","","Misc. Income",$55829.17,"",
"0001112223","CK",10/15/2026,($48.85),"DEBITCARD: Clothing Store","","Shopping",$55780.32,"",
"0001112223","CK",10/16/2026,($33.70),"DEBITCARD: Hardware Store","","Home",$55746.62,"",
"0001112223","CK",10/16/2026,($8.72),"DEBITCARD: Streaming Add-on","","Entertainment",$55737.90,"",
"0001112223","CK",10/17/2026,($750.00),"Web Branch:TFR TO SV 0001112223","","Transfer",$54987.90,"budgeteer:apply=savings",
"0001112223","CK",10/17/2026,($31.18),"DEBITCARD: Restaurant","","Food & Drink",$54956.72,"",
"0001112223","CK",10/17/2026,($50.18),"DEBITCARD: Pharmacy","","Health",$54906.54,"",
"0001112223","CK",10/17/2026,($70.41),"DEBITCARD: Grocery Store","","Groceries",$54836.13,"",
"0001112223","CK",10/18/2026,($74.57),"DEBITCARD: Hardware Store","","Home",$54761.56,"",
"0001112223","CK",10/20/2026,($62.53),"DEBITCARD: Pharmacy","","Health",$54699.03,"",
"0001112223","CK",10/21/2026,($31.05),"DEBITCARD: Gas Station","","Gas / Fuel",$54667.98,"",
"0001112223","CK",10/22/2026,($12.49),"DEBITCARD: Pharmacy","","Health",$54655.49,"",
"0001112223","CK",10/22/2026,($6.06),"DEBITCARD: Coffee Shop","","Food & Drink",$54649.43,"",
"0001112223","CK",10/22/2026,($120.89),"DEBITCARD: Clothing Store","","Shopping",$54528.54,"",
"0001112223","CK",10/23/2026,($48.96),"ACH:WATER BILL","","Utilities",$54479.58,"",
"0001112223","CK",10/23/2026,($1359.05),"ACH:CREDIT CARD PAYMENT","","Credit Card",$53120.53,"",
"0001112223","CK",10/25/2026,($19.03),"DEBITCARD: Restaurant","","Food & Drink",$53101.50,"",
"0001112223","CK",10/25/2026,($40.53),"DEBITCARD: Hardware Store","","Home",$53060.97,"",
"0001112223","CK",10/26/2026,($123.62),"DEBITCARD: Event Tickets","","Entertainment",$52937.35,"",
"0001112223","CK",10/27/2026,($58.99),"DEBITCARD: Pharmacy","","Health",$52878.36,"",
"0001112223","CK",10/27/2026,($97.49),"DEBITCARD: Clothing Store","","Shopping",$52780.87,"",
"0001112223","CK",11/1/2026,$3800.00,"ACH:VISTA TECH PAYROLL","","Misc. Income",$56580.87,"",
"0001112223","CK",11/1/2026,($2189.00),"ACH:Redwood Grove RENT","","Mortgage / Rent",$54391.87,"",
"0001112223","CK",11/1/2026,($245.00),"ACH:HEALTH INSURANCE","","Insurance",$54146.87,"",
"0001112223","CK",11/5/2026,($425.00),"ACH:AUTO LOAN PAYMENT","","Auto & Transport",$53721.87,"budgeteer:goal=Auto Loan Down-payment",
"0001112223","CK",11/5/2026,($79.99),"ACH:ISP INTERNET BILL","","Internet",$53641.88,"",
"0001112223","CK",11/5/2026,($25.57),"DEBITCARD: Ride Share","","Auto & Transport",$53616.31,"",
"0001112223","CK",11/6/2026,($57.36),"DEBITCARD: Restaurant","","Food & Drink",$53558.95,"",
"0001112223","CK",11/6/2026,($17.24),"DEBITCARD: Ride Share","","Auto & Transport",$53541.71,"",
"0001112223","CK",11/6/2026,($83.17),"DEBITCARD: Clothing Store","","Shopping",$53458.54,"",
"0001112223","CK",11/7/2026,($39.99),"ACH:GYM MEMBERSHIP","","Health",$53418.55,"",
"0001112223","CK",11/8/2026,($44.35),"DEBITCARD: Restaurant","","Food & Drink",$53374.20,"",
"0001112223","CK",11/9/2026,($19.99),"ACH:STREAMING SUBSCRIPTION","","Entertainment",$53354.21,"",
"0001112223","CK",11/9/2026,($39.45),"DEBITCARD: Event Tickets","","Entertainment",$53314.76,"",
"0001112223","CK",11/10/2026,($77.25),"DEBITCARD: Clothing Store","","Shopping",$53237.51,"",
"0001112223","CK",11/11/2026,($68.00),"ACH:MOBILE PHONE","","Utilities",$53169.51,"",
"0001112223","CK",11/11/2026,($210.00),"ACH:STUDENT LOAN SERVICER","","Loans",$52959.51,"",
"0001112223","CK",11/11/2026,($11.93),"DEBITCARD: Books","","Shopping",$52947.58,"",
"0001112223","CK",11/11/2026,($154.64),"DEBITCARD: Event Tickets","","Entertainment",$52792.94,"",
"0001112223","CK",11/12/2026,($119.66),"ACH:ELECTRIC BILL","","Utilities",$52673.28,"",
"0001112223","CK",11/12/2026,($130.50),"DEBITCARD: Clothing Store","","Shopping",$52542.78,"",
"0001112223","CK",11/12/2026,($52.23),"DEBITCARD: Restaurant","","Food & Drink",$52490.55,"",
"0001112223","CK",11/13/2026,($8.73),"DEBITCARD: Streaming Add-on","","Entertainment",$52481.82,"",
"0001112223","CK",11/14/2026,($137.25),"DEBITCARD: Clothing Store","","Shopping",$52344.57,"",
"0001112223","CK",11/14/2026,($68.53),"DEBITCARD: Grocery Store","","Groceries",$52276.04,"",
"0001112223","CK",11/14/2026,($7.90),"DEBITCARD: Coffee Shop","","Food & Drink",$52268.14,"",
"0001112223","CK",11/15/2026,$3800.00,"ACH:VISTA TECH PAYROLL","","Misc. Income",$56068.14,"",
"0001112223","CK",11/15/2026,($56.61),"DEBITCARD: Restaurant","","Food & Drink",$56011.53,"",
"0001112223","CK",11/16/2026,($750.00),"Web Branch:TFR TO SV 0001112223","","Transfer",$55261.53,"budgeteer:apply=savings",
"0001112223","CK",11/16/2026,($71.72),"DEBITCARD: Clothing Store","","Shopping",$55189.81,"",
"0001112223","CK",11/16/2026,($200.01),"DEBITCARD: Event Tickets","","Entertainment",$54989.80,"",
"0001112223","CK",11/16/2026,($53.11),"DEBITCARD: Pet Supplies","","Pets",$54936.69,"",
"0001112223","CK",11/17/2026,($59.97),"DEBITCARD: Restaurant","","Food & Drink",$54876.72,"",
"0001112223","CK",11/17/2026,($9.77),"DEBITCARD: Coffee Shop","","Food & Drink",$54866.95,"",
"0001112223","CK",11/18/2026,($54.37),"DEBITCARD: Pet Supplies","","Pets",$54812.58,"",
"0001112223","CK",11/20/2026,($19.38),"DEBITCARD: Pharmacy","","Health",$54793.20,"",
"0001112223","CK",11/20/2026,($3.81),"DEBITCARD: Coffee Shop","","Food & Drink",$54789.39,"",
"0001112223","CK",11/20/2026,($52.57),"DEBITCARD: Pet Supplies","","Pets",$54736.82,"",
"0001112223","CK",11/21/2026,($744.27),"DEBITCARD: Airline","","Travel",$53992.55,"",
"0001112223","CK",11/21/2026,($7.17),"DEBITCARD: Streaming Add-on","","Entertainment",$53985.38,"",
"0001112223","CK",11/21/2026,($28.91),"DEBITCARD: Restaurant","","Food & Drink",$53956.47,"",
"0001112223","CK",11/22/2026,($45.11),"ACH:WATER BILL","","Utilities",$53911.36,"",
"0001112223","CK",11/22/2026,($35.10),"DEBITCARD: Pet Supplies","","Pets",$53876.26,"",
"0001112223","CK",11/22/2026,($127.25),"DEBITCARD: Event Tickets","","Entertainment",$53749.01,"",
"0001112223","CK",11/22/2026,($5.61),"DEBITCARD: Streaming Add-on","","Entertainment",$53743.40,"",
"0001112223","CK",11/23/2026,($53.63),"DEBITCARD: Restaurant","","Food & Drink",$53689.77,"",
"0001112223","CK",11/24/2026,($14.82),"DEBITCARD: Books","","Shopping",$53674.95,"",
"0001112223","CK",11/24/2026,($43.57),"DEBITCARD: Restaurant","","Food & Drink",$53631.38,"",
"0001112223","CK",11/25/2026,($1008.98),"ACH:CREDIT CARD PAYMENT","","Credit Card",$52622.40,"",
"0001112223","CK",11/28/2026,($29.05),"DEBITCARD: Books","","Shopping",$52593.35,"",
"0001112223","CK",11/30/2026,($26.41),"DEBITCARD: Pet Supplies","","Pets",$52566.94,"",
"0001112223","CK",12/1/2026,$3800.00,"ACH:VISTA TECH PAYROLL","","Misc. Income",$56366.94,"",
"0001112223","CK",12/1/2026,($2189.00),"ACH:Redwood Grove RENT","","Mortgage / Rent",$54177.94,"",
"0001112223","CK",12/2/2026,($9.67),"DEBITCARD: Streaming Add-on","","Entertainment",$54168.27,"",
"0001112223","CK",12/3/2026,($245.00),"ACH:HEALTH INSURANCE","","Insurance",$53923.27,"",
"0001112223","CK",12/4/2026,($425.00),"ACH:AUTO LOAN PAYMENT","","Auto & Transport",$53498.27,"budgeteer:goal=Auto Loan Down-payment",
"0001112223","CK",12/4/2026,($7.07),"DEBITCARD: Coffee Shop","","Food & Drink",$53491.20,"",
"0001112223","CK",12/5/2026,($68.91),"DEBITCARD: Gas Station","","Gas / Fuel",$53422.29,"",
"0001112223","CK",12/5/2026,($202.07),"DEBITCARD: Grocery Store","","Groceries",$53220.22,"",
"0001112223","CK",12/5/2026,($20.68),"DEBITCARD: Restaurant","","Food & Drink",$53199.54,"",
"0001112223","CK",12/6/2026,($79.99),"ACH:ISP INTERNET BILL","","Internet",$53119.55,"",
"0001112223","CK",12/6/2026,($26.64),"DEBITCARD: Ride Share","","Auto & Transport",$53092.91,"",
"0001112223","CK",12/6/2026,($92.60),"DEBITCARD: Event Tickets","","Entertainment",$53000.31,"",
"0001112223","CK",12/8/2026,($39.99),"ACH:GYM MEMBERSHIP","","Health",$52960.32,"",
"0001112223","CK",12/8/2026,($19.99),"ACH:STREAMING SUBSCRIPTION","","Entertainment",$52940.33,"",
"0001112223","CK",12/8/2026,($26.82),"DEBITCARD: Hardware Store","","Home",$52913.51,"",
"0001112223","CK",12/9/2026,($68.00),"ACH:MOBILE PHONE","","Utilities",$52845.51,"",
"0001112223","CK",12/9/2026,($162.71),"DEBITCARD: Event Tickets","","Entertainment",$52682.80,"",
"0001112223","CK",12/10/2026,($92.33),"DEBITCARD: Event Tickets","","Entertainment",$52590.47,"",
"0001112223","CK",12/11/2026,($210.00),"ACH:STUDENT LOAN SERVICER","","Loans",$52380.47,"",
"0001112223","CK",12/11/2026,($170.16),"ACH:ELECTRIC BILL","","Utilities",$52210.31,"",
"0001112223","CK",12/11/2026,($10.00),"DEBITCARD: Pharmacy","","Health",$52200.31,"",
"0001112223","CK",12/12/2026,($47.03),"DEBITCARD: Gas Station","","Gas / Fuel",$52153.28,"",
"0001112223","CK",12/13/2026,($320.01),"DEBITCARD: Medical Bill","","Health",$51833.27,"",
"0001112223","CK",12/13/2026,($5.14),"DEBITCARD: Streaming Add-on","","Entertainment",$51828.13,"",
"0001112223","CK",12/14/2026,($48.69),"DEBITCARD: Restaurant","","Food & Drink",$51779.44,"",
"0001112223","CK",12/15/2026,$3800.00,"ACH:VISTA TECH PAYROLL","","Misc. Income",$55579.44,"",
"0001112223","CK",12/15/2026,($750.00),"Web Branch:TFR TO SV 0001112223","","Transfer",$54829.44,"budgeteer:apply=savings",
"0001112223","CK",12/15/2026,($168.05),"DEBITCARD: Grocery Store","","Groceries",$54661.39,"",
"0001112223","CK",12/15/2026,($8.90),"DEBITCARD: Coffee Shop","","Food & Drink",$54652.49,"",
"0001112223","CK",12/15/2026,($39.82),"DEBITCARD: Gas Station","","Gas / Fuel",$54612.67,"",
"0001112223","CK",12/17/2026,($72.06),"DEBITCARD: Gas Station","","Gas / Fuel",$54540.61,"",
"0001112223","CK",12/17/2026,($45.37),"DEBITCARD: Pet Supplies","","Pets",$54495.24,"",
"0001112223","CK",12/18/2026,($30.19),"DEBITCARD: Clothing Store","","Shopping",$54465.05,"",
"0001112223","CK",12/18/2026,($27.80),"DEBITCARD: Ride Share","","Auto & Transport",$54437.25,"",
"0001112223","CK",12/21/2026,($41.26),"ACH:WATER BILL","","Utilities",$54395.99,"",
"0001112223","CK",12/22/2026,($71.67),"DEBITCARD: Hardware Store","","Home",$54324.32,"",
"0001112223","CK",12/23/2026,($6.51),"DEBITCARD: Coffee Shop","","Food & Drink",$54317.81,"",
"0001112223","CK",12/24/2026,($49.30),"DEBITCARD: Gas Station","","Gas / Fuel",$54268.51,"",
"0001112223","CK",12/25/2026,($39.14),"DEBITCARD: Gas Station","","Gas / Fuel",$54229.37,"",
"0001112223","CK",12/26/2026,($21.84),"DEBITCARD: Ride Share","","Auto & Transport",$54207.53,"",
"0001112223","CK",12/26/2026,($27.69),"DEBITCARD: Pharmacy","","Health",$54179.84,"",
"0001112223","CK",12/27/2026,($658.91),"ACH:CREDIT CARD PAYMENT","","Credit Card",$53520.93,"",
"0001112223","CK",12/27/2026,($59.80),"DEBITCARD: Clothing Store","","Shopping",$53461.13,"",
"0001112223","CK",12/27/2026,($5.74),"DEBITCARD: Coffee Shop","","Food & Drink",$53455.39,"",
"0001112223","CK",12/27/2026,($26.26),"DEBITCARD: Restaurant","","Food & Drink",$53429.13,"",
"0001112223","CK",12/28/2026,$5.69,"DIVIDEND PAYMENT","","Misc. Income",$53434.82,"",
"0001112223","CK",12/28/2026,($6.93),"DEBITCARD: Streaming Add-on","","Entertainment",$53427.89,"",
"0001112223","CK",12/29/2026,($11.50),"DEBITCARD: Streaming Add-on","","Entertainment",$53416.39,"",
"0001112223","CK",12/30/2026,($48.22),"DEBITCARD: Gas Station","","Gas / Fuel",$53368.17,"",
"0001112223","CK",12/31/2026,($23.99),"DEBITCARD: Pharmacy","","Health",$53344.18,"",
